2860 4732
159 203 414 402 ·ἰιι,“
476 343 486 353 ι
590 229 1035 389 cuononis

223 433 287 502 sis
296 427 453 508 enesim,
483 431 524 494 nt
544 413 635 494 s'erni
657 427 832 514 dominos,
859 427 959 496 liberi
977 441 1154 531 parentes,
1185 414 1315 514 uxores
1331 491 1347 504 ι
1415 425 1416 459 ³

54 599 60 623 ,
106 531 146 590 ··’
222 538 364 606 maritos
385 553 472 622 pro
472 529 581 598 nihilo
600 547 739 622 ριιιειιιι
766 533 795 598 si
816 531 973 618 uideant,
992 555 1056 619 eos
1076 533 1341 620 innocentiam·

222 657 378 715 seruere,
403 633 577 722 fidemque
608 635 750 723 propriis
774 627 1013 714 emolumentis
1036 602 1217 702 anteferie.
1259 636 1315 702 lta

55 733 58 740 ⁴
121 749 124 759 '
223 739 328 813 credo
351 739 425 806 lieri
445 759 567 828 posse,
590 752 647 827 ut,
676 739 827 827 quitum
848 735 918 803 alto
941 739 1055 804 animo
1077 739 1140 820 sit,
1170 752 1210 804 ut
1231 732 1338 804 eum'
1415 753 1417 840 ,

178 929 181 936 μ
221 844 368 942 pecnnia
391 860 464 906 non
485 855 640 918 moueat,
676 855 712 905 et
733 851 934 924 constanter
954 839 1073 906 huic
1061 841 1156 906 inani
1178 839 1315 956 cupidi-

221 949 301 1030 tati,
335 965 402 1034 qua
430 938 585 1031 plerique
613 937 852 1022 inflammati'
835 945 888 1004 ιιι
905 942 1092 1032 perniciem
1112 943 1312 1061 rapiuntur,
1386 997 1417 1022 ,1

169 1043 194 1064 ‘'
222 1050 382 1128 obsistat,
406 1056 654 1110 contemnatur.
696 1042 783 1107 Eum
806 1039 974 1129 quidem,
983 1044 1136 1132 quamuis
1158 1045 1196 1110 in
1216 1046 1312 1152 ptin-

89 1169 90 1176 ‘
214 1153 312 1240 cipio
344 1143 442 1213 mulli
468 1159 508 1209 nt
536 1141 764 1232 negligentem
793 1141 966 1212 hominem
996 1162 1030 1213 et
1057 1166 1211 1236 parum
1206 1133 1311 1212 rebus

59 1311 62 1322 ,
142 1290 173 1320 ,·
223 1249 386 1342 augendis
420 1259 587 1314 attentum
618 1245 828 1334 despiciant,
865 1247 1016 1311 uniuersi
1053 1261 1169 1326 tannen
1184 1245 1309 1366 paule
1417 1291 1418 1320 ι

220 1371 299 1447 post
322 1350 592 1430 admirabuntur.
625 1349 693 1414 Sed
710 1361 980 1438 paupertatem
965 1347 1143 1419 obscuram
1160 1364 1196 1415 et
1209 1352 1311 1439 igno.

77 1462 81 1489 ⁴
138 1471 141 1478 ’
221 1456 325 1527 bilem
347 1475 419 1520 esse
442 1451 536 1516 dicis.
577 1449 640 1516 Est
661 1443 818 1567 quidem,
840 1472 868 1514 si
858 1449 994 1515 nullae
1011 1452 1079 1516 sint
1096 1451 1197 1515 animi
1219 1451 1310 1516 diui·

219 1555 309 1638 tias,
335 1554 460 1645 quibus
481 1549 679 1632 fortunae
668 1553 792 1618 iniuria
823 1555 1036 1641 compensari
1057 1550 1176 1640 possit.
1217 1551 1309 1620 Nam
1347 1581 1353 1590 ·

121 1733 124 1741 ,
176 1685 192 1738 ,·
218 1665 250 1730 si
271 1661 378 1728 uirtus
400 1654 505 1735 adsiti,
537 1669 673 1736 tantum
703 1653 817 1734 abest,
853 1666 893 1718 nt
917 1667 1104 1744 paupertas
1132 1651 1309 1744 splendori

218 1761 366 1833 nominis
388 1751 532 1834 officiat,
560 1769 600 1819 ut
621 1753 658 1825 id
681 1757 782 1820 etiarn
811 1750 916 1844 longe
945 1756 1083 1824 clarius
1090 1769 1125 1820 et
1145 1753 1309 1826 illustrior
1342 1747 1345 1754 ’
1418 1829 1419 1856 ι

142 1946 144 1955 Ι
219 1860 352 1932 reddat.
395 1855 489 1945 Quid
510 1855 768 1945 Epaminondae
795 1855 925 1946 gloriae
946 1859 1067 1934 nocuit
1093 1881 1143 1924 rer
1135 1853 1308 1926 familia·

219 1967 265 2032 ris
295 1961 472 2052 angustis?
523 1956 616 2026 Nihil
650 1982 750 2027 sane:
783 1963 854 2028 imo
889 1957 997 2026 multo
1031 1955 1123 2049 illem
1153 1959 1304 2078 magnili

221 2066 353 2134 centius
381 2056 573 2159 illustrauit.
625 2059 709 2128 Non
729 2063 832 2134 enim
859 2061 1015 2150 ignauia,
1047 2057 1112 2126 sed
1137 2065 1305 2152 pecuniae

125 2150 139 2218 ²·
220 2165 493 2253 contemptione
505 2183 636 2250 pauper
667 2173 751 2224 erat.
799 2157 892 2226 Nihil
922 2177 1035 2228 sutem
1064 2161 1203 2230 uidetur
1232 2186 1305 2230 esse

218 2283 289 2336 tam
312 2263 431 2333 excelsi
446 2266 577 2345 enimi,
607 2283 707 2352 quam
731 2264 911 2350 pecuniam
936 2278 1169 2331 contemnere.
1211 2263 1305 2332 ldem

220 2373 322 2440 etiam
349 2367 394 2454 de
412 2359 579 2448 Aristide,
604 2353 659 2429 de
688 2361 881 2448 Phocione,
917 2361 963 2431 de
990 2353 1103 2431 multis
1133 2363 1207 2433 aliis
1237 2351 1325 2446 dici¹
1419 2383 1420 2396 ¹

217 2486 351 2565 potesta
381 2467 527 2561 quorum
551 2465 693 2556 gloriam
715 2481 920 2560 paupertas
926 2487 1000 2534 non
1023 2468 1212 2586 imminuit,
1242 2467 1305 2536 sed
1419 2549 1420 2558 ἵ

139 2607 143 2619 ,
218 2569 446 2661 smplificauit.
487 2571 525 2635 Si
546 2567 637 2635 enim
657 2559 766 2652 gloria
786 2568 898 2654 posits
921 2583 1012 2636 esset
1039 2571 1077 2636 in
1106 2557 1304 2638 manissime

171 2713 174 2724 ·
216 2671 377 2748 ludorum
399 2685 581 2771 apparatu,
603 2671 638 2735 in
659 2667 850 2756 sumptibus
873 2669 1021 2758 profusis
1043 2685 1079 2737 ct
1099 2663 1304 2755 immodicis,

157 2835 158 2840 ,
218 2779 239 2841 is
261 2776 384 2864 quibus
406 2771 518 2848 nullus
539 2765 672 2838 Fructus
702 2771 744 2836 ad
766 2769 938 2860 publicam
966 2771 1146 2840 utilitatem
1176 2771 1307 2854 redun-

218 2873 309 2959 dst;
326 2877 356 2940 si
378 2874 558 2963 denique'
548 2896 584 2937 ιιι
606 2874 802 2954 muneribus
823 2871 907 2976 illis,
938 2895 1026 2965 quae
1049 2873 1093 2954 ed
1114 2869 1222 2942 breue
1243 2871 1306 2944 ad-

217 2926 359 3044 modum
381 2989 515 3063 tempus
535 2947 788 3039 multitudinem
817 2969 1008 3090 imperitam
1030 2969 1224 3072 deliniunt:
1225 2977 1305 3053 l'a·

216 3093 310 3146 terer
339 3077 515 3168 equidem,
550 3095 623 3140 eam
652 3075 739 3137 sine
761 3076 892 3191 magnis
928 3075 1057 3141 diuitiis
1088 3079 1201 3168 parari
1230 3076 1305 3148 tion

135 3173 141 3185 ⁶
189 3173 191 3180 ’
215 3204 328 3276 posse.
372 3181 460 3248 Cum
482 3194 596 3245 autern
615 3177 679 3243 sits
701 3175 745 3240 sit
765 3176 802 3240 in
822 3175 959 3242 uirtutis
979 3171 1160 3245 altitudine
1182 3195 1218 3250 et
1231 3201 1305 3247 ms·

41 3255 44 3266 Α
107 3281 128 3337 ι’
214 3280 422 3394 gnificentis,
445 3303 534 3372 quae
554 3279 736 3347 noninsni
755 3277 876 3368 plausu
897 3280 1012 3346 statim
1033 3283 1219 3382 morituro,
1215 3275 1304 3352 sed

170 3431 173 3438 s
215 3371 317 3455 laude
338 3398 505 3480 perpetua
527 3376 736 3452 celebraturi
769 3377 852 3473 quid
879 3379 944 3449 tibi
970 3385 1068 3464 uenit
1094 3385 1131 3449 in
1152 3395 1305 3452 mentem

161 3481 193 3546 ''-
217 3489 349 3588 dicere,
382 3483 549 3580 pecuniae
571 3473 793 3574 cupiditatem
824 3504 898 3551 esse
920 3505 996 3553 cunr
1018 3471 1147 3573 gloriae
1170 3483 1304 3608 cupidi·

108 3663 113 3670 ,
147 3673 152 3682 ι
213 3605 286 3661 tate
309 3589 548 3662 coniunctam?
582 3580 678 3682 quasi
700 3585 883 3678 quicquain
910 3583 970 3670 sit,
1004 3585 1137 3702 quod
1125 3607 1164 3656 tn
1193 3590 1304 3658 maius

216 3691 333 3760 odium
355 3687 579 3759 multitudinis
609 3692 777 3773 incurrat,
811 3705 913 3780 quam
941 3687 1103 3776 auaritis;
1127 3696 1201 3756 aut
1226 3696 1316 3760 nbn'
1345 3724 1349 3728 ·

213 3793 314 3864 focile
345 3798 478 3887 possint
507 3790 610 3860 enimi
629 3791 773 3859 maximi
805 3788 948 3886 gloriam
984 3787 1087 3856 ullam
1124 3789 1301 3884 consequi,

132 3881 139 3894 Χ
212 3898 287 3966 sine
308 3897 475 3984 pecuniae
497 3890 743 3986 magnitudine
789 3889 920 3960 Fuisset
947 3889 1021 3957 hoc
1042 3885 1181 3960 inloto
1203 3887 1302 3962 iacil-

99 4003 110 4028 ⁸
212 3991 338 4064 limum
350 4011 536 4086 coarguere
558 4006 686 4063 eorum
697 3993 873 4079 hominnm
896 3992 1105 4076 amentiam,
1122 4015 1209 4084 quos
1231 3992 1302 4060 dis·
1414 4031 1419 4042 ·

208 4107 373 4188 putantes
394 4091 571 4178 induxisti,
592 4093 765 4190 neminem
770 4068 976 4188 splendoris
999 4113 1035 4164 et
1054 4091 1184 4186 gloriae
1203 4089 1305 4198 cupi-

209 4199 296 4270 dum
309 4219 426 4348 posse
455 4195 571 4267 colere
598 4179 763 4270 iustitiam
792 4213 829 4270 et
858 4189 1076 4330 dequitatsm
1126 4192 1196 4270 ssd
1215 4219 1301 4271 cuns

1225 4300 1299 4370 llil!
1323 4313 1326 4320 ’
