<?xml version="1.0" encoding="UTF-8"?>
<!DOCTYPE html PUBLIC "-//W3C//DTD XHTML 1.0 Transitional//EN"
    "http://www.w3.org/TR/xhtml1/DTD/xhtml1-transitional.dtd">
<html xmlns="http://www.w3.org/1999/xhtml" xml:lang="en" lang="en">
 <head>
  <title>
</title>
<meta http-equiv="Content-Type" content="text/html;charset=utf-8" />
  <meta name='ocr-system' content='tesseract 3.04.00' />
  <meta name='ocr-capabilities' content='ocr_page ocr_carea ocr_par ocr_line ocrx_word'/>
</head>
<body>
  <div class='ocr_page' id='page_1' title='image "./hieronymiosorii00sarpgoog_0041.png"; bbox 0 0 2860 4740; ppageno 0'>
   <div class='ocr_carea' id='block_1_1' title="bbox 74 235 1051 390">
    <p class='ocr_par' dir='ltr' id='par_1_1' title="bbox 74 235 1051 390">
     <span class='ocr_line' id='line_1_1' title="bbox 74 235 1051 390; baseline -0.004 -16"><span class='ocrx_word' id='word_1_1' title='bbox 74 307 81 322; x_wconf 87' lang='lat'><strong>·</strong></span> <span class='ocrx_word' id='word_1_2' title='bbox 227 293 329 388; x_wconf 61' lang='grc' dir='ltr'>’ρι’</span> <span class='ocrx_word' id='word_1_3' title='bbox 563 303 712 374; x_wconf 79' lang='lat' dir='ltr'><strong>on</strong></span> <span class='ocrx_word' id='word_1_4' title='bbox 724 235 971 390; x_wconf 68' lang='lat' dir='ltr'><strong>eloam</strong></span> <span class='ocrx_word' id='word_1_5' title='bbox 1038 281 1051 373; x_wconf 83' lang='grc'><strong>,’</strong></span> 
     </span>
    </p>
   </div>
   <div class='ocr_carea' id='block_1_2' title="bbox 179 433 1334 674">
    <p class='ocr_par' dir='ltr' id='par_1_2' title="bbox 179 433 1334 674">
     <span class='ocr_line' id='line_1_2' title="bbox 197 433 1333 574; baseline -0.017 -19"><span class='ocrx_word' id='word_1_6' title='bbox 197 468 199 477; x_wconf 41' lang='lat'>¹</span> <span class='ocrx_word' id='word_1_7' title='bbox 245 485 363 555; x_wconf 85' lang='lat' dir='ltr'><strong>lumen</strong></span> <span class='ocrx_word' id='word_1_8' title='bbox 383 478 528 571; x_wconf 79' lang='lat' dir='ltr'><strong>aliquod</strong></span> <span class='ocrx_word' id='word_1_9' title='bbox 536 477 695 574; x_wconf 87' lang='lat' dir='ltr'><strong>habeat,</strong></span> <span class='ocrx_word' id='word_1_10' title='bbox 709 495 799 540; x_wconf 90' lang='lat' dir='ltr'><strong>cum</strong></span> <span class='ocrx_word' id='word_1_11' title='bbox 807 485 882 538; x_wconf 90' lang='lat' dir='ltr'><strong>tota</strong></span> <span class='ocrx_word' id='word_1_12' title='bbox 902 474 949 539; x_wconf 87' lang='lat' dir='ltr'><strong>sit</strong></span> <span class='ocrx_word' id='word_1_13' title='bbox 967 470 1003 539; x_wconf 81' lang='lat' dir='ltr'><strong>in</strong></span> <span class='ocrx_word' id='word_1_14' title='bbox 1020 433 1193 562; x_wconf 88' lang='lat' dir='ltr'><strong>opinionis</strong></span> <span class='ocrx_word' id='word_1_15' title='bbox 1206 471 1333 538; x_wconf 89' lang='lat' dir='ltr'><strong>incon-</strong></span> 
     </span>
     <span class='ocr_line' id='line_1_3' title="bbox 179 558 1334 674; baseline -0.015 -19"><span class='ocrx_word' id='word_1_16' title='bbox 179 587 182 594; x_wconf 86' lang='grc'><strong>’</strong></span> <span class='ocrx_word' id='word_1_17' title='bbox 245 589 370 654; x_wconf 77' lang='lat' dir='ltr'><strong>stantia</strong></span> <span class='ocrx_word' id='word_1_18' title='bbox 390 595 494 674; x_wconf 85' lang='lat' dir='ltr'><strong>atque</strong></span> <span class='ocrx_word' id='word_1_19' title='bbox 514 582 707 649; x_wconf 78' lang='lat' dir='ltr'><strong>temeritate·</strong></span> <span class='ocrx_word' id='word_1_20' title='bbox 727 558 815 641; x_wconf 79' lang='lat' dir='ltr'><strong>sital</strong></span> <span class='ocrx_word' id='word_1_21' title='bbox 862 574 930 641; x_wconf 86' lang='lat' dir='ltr'><strong>Sed</strong></span> <span class='ocrx_word' id='word_1_22' title='bbox 951 575 1097 646; x_wconf 84' lang='lat' dir='ltr'><strong>fortasse</strong></span> <span class='ocrx_word' id='word_1_23' title='bbox 1119 575 1246 658; x_wconf 89' lang='lat' dir='ltr'><strong>dices,</strong></span> <span class='ocrx_word' id='word_1_24' title='bbox 1256 595 1334 639; x_wconf 90' lang='lat' dir='ltr'><strong>non</strong></span> 
     </span>
    </p>
   </div>
   <div class='ocr_carea' id='block_1_3' title="bbox 138 651 1333 786">
    <p class='ocr_par' dir='ltr' id='par_1_3' title="bbox 138 651 1333 786">
     <span class='ocr_line' id='line_1_4' title="bbox 138 651 1333 786; baseline -0.013 -34"><span class='ocrx_word' id='word_1_25' title='bbox 138 731 167 754; x_wconf 54' lang='lat' dir='ltr'><strong>r.</strong></span> <span class='ocrx_word' id='word_1_26' title='bbox 246 683 374 756; x_wconf 86' lang='lat' dir='ltr'><strong>debere</strong></span> <span class='ocrx_word' id='word_1_27' title='bbox 395 687 509 786; x_wconf 83' lang='lat' dir='ltr'><strong>omnia</strong></span> <span class='ocrx_word' id='word_1_28' title='bbox 530 682 575 748; x_wconf 92' lang='lat' dir='ltr'><strong>ad</strong></span> <span class='ocrx_word' id='word_1_29' title='bbox 592 679 683 746; x_wconf 89' lang='lat' dir='ltr'><strong>illam</strong></span> <span class='ocrx_word' id='word_1_30' title='bbox 705 651 950 746; x_wconf 80' lang='lat' dir='ltr'><strong>exactissimam</strong></span> <span class='ocrx_word' id='word_1_31' title='bbox 968 677 1156 764; x_wconf 87' lang='lat' dir='ltr'><strong>sapientiae</strong></span> <span class='ocrx_word' id='word_1_32' title='bbox 1172 696 1333 742; x_wconf 85' lang='lat' dir='ltr'><strong>normam</strong></span> 
     </span>
    </p>
   </div>
   <div class='ocr_carea' id='block_1_4' title="bbox 247 774 1333 910">
    <p class='ocr_par' dir='ltr' id='par_1_4' title="bbox 247 774 1333 910">
     <span class='ocr_line' id='line_1_5' title="bbox 247 774 1333 910; baseline -0.011 -54"><span class='ocrx_word' id='word_1_33' title='bbox 247 789 364 910; x_wconf 83' lang='lat' dir='ltr'><strong>dirigi,</strong></span> <span class='ocrx_word' id='word_1_34' title='bbox 399 774 487 878; x_wconf 86' lang='lat' dir='ltr'><strong>quae</strong></span> <span class='ocrx_word' id='word_1_35' title='bbox 515 799 620 874; x_wconf 82' lang='lat' dir='ltr'><strong>negat</strong></span> <span class='ocrx_word' id='word_1_36' title='bbox 649 799 728 848; x_wconf 87' lang='lat' dir='ltr'><strong>esse</strong></span> <span class='ocrx_word' id='word_1_37' title='bbox 752 781 865 870; x_wconf 88' lang='lat' dir='ltr'><strong>grauis</strong></span> <span class='ocrx_word' id='word_1_38' title='bbox 897 795 934 846; x_wconf 87' lang='lat' dir='ltr'><strong>et</strong></span> <span class='ocrx_word' id='word_1_39' title='bbox 959 780 1167 847; x_wconf 87' lang='lat' dir='ltr'><strong>constantis</strong></span> <span class='ocrx_word' id='word_1_40' title='bbox 1173 777 1333 844; x_wconf 87' lang='lat' dir='ltr'><strong>hominis</strong></span> 
     </span>
    </p>
   </div>
   <div class='ocr_carea' id='block_1_5' title="bbox 186 878 1333 1112">
    <p class='ocr_par' dir='ltr' id='par_1_5' title="bbox 186 878 1333 1086">
     <span class='ocr_line' id='line_1_6' title="bbox 186 878 1333 981; baseline -0.012 -23"><span class='ocrx_word' id='word_1_41' title='bbox 186 946 190 958; x_wconf 88' lang='lat'><strong>.</strong></span> <span class='ocrx_word' id='word_1_42' title='bbox 247 893 400 981; x_wconf 86' lang='lat' dir='ltr'><strong>opinari;</strong></span> <span class='ocrx_word' id='word_1_43' title='bbox 437 913 564 980; x_wconf 88' lang='lat' dir='ltr'><strong>eosque</strong></span> <span class='ocrx_word' id='word_1_44' title='bbox 585 903 622 954; x_wconf 91' lang='lat' dir='ltr'><strong>te</strong></span> <span class='ocrx_word' id='word_1_45' title='bbox 643 881 750 976; x_wconf 84' lang='lat' dir='ltr'><strong>magis</strong></span> <span class='ocrx_word' id='word_1_46' title='bbox 769 883 942 972; x_wconf 91' lang='lat' dir='ltr'><strong>probare</strong></span> <span class='ocrx_word' id='word_1_47' title='bbox 971 879 1032 972; x_wconf 89' lang='lat' dir='ltr'><strong>qui</strong></span> <span class='ocrx_word' id='word_1_48' title='bbox 1060 878 1166 948; x_wconf 87' lang='lat' dir='ltr'><strong>multa</strong></span> <span class='ocrx_word' id='word_1_49' title='bbox 1188 891 1333 946; x_wconf 88' lang='lat' dir='ltr'><strong>censent</strong></span> 
     </span>
     <span class='ocr_line' id='line_1_7' title="bbox 246 977 1333 1112; baseline -0.013 -50"><span class='ocrx_word' id='word_1_50' title='bbox 246 995 413 1112; x_wconf 79' lang='lat' dir='ltr'><strong>ppinione&#39;</strong></span> <span class='ocrx_word' id='word_1_51' title='bbox 432 977 688 1084; x_wconf 77' lang='lat' dir='ltr'><strong>conformanda.</strong></span> <span class='ocrx_word' id='word_1_52' title='bbox 723 981 965 1090; x_wconf 75' lang='lat' dir='ltr'><strong>Sititasano.</strong></span> <span class='ocrx_word' id='word_1_53' title='bbox 990 983 1080 1051; x_wconf 84' lang='lat' dir='ltr'><strong>Nec</strong></span> <span class='ocrx_word' id='word_1_54' title='bbox 1089 997 1140 1050; x_wconf 86' lang='lat' dir='ltr'><strong>est</strong></span> <span class='ocrx_word' id='word_1_55' title='bbox 1160 983 1252 1048; x_wconf 78' lang='lat' dir='ltr'><strong>&#39;enim</strong></span> <span class='ocrx_word' id='word_1_56' title='bbox 1267 1003 1333 1048; x_wconf 85' lang='lat' dir='ltr'><strong>ne-</strong></span> 
     </span>
    </p>
   </div>
   <div class='ocr_carea' id='block_1_6' title="bbox 118 1071 1332 1184">
    <p class='ocr_par' dir='ltr' id='par_1_6' title="bbox 118 1071 1332 1184">
     <span class='ocr_line' id='line_1_8' title="bbox 118 1071 1332 1184; baseline -0.015 -16"><span class='ocrx_word' id='word_1_57' title='bbox 118 1086 120 1094; x_wconf 55' lang='grc'><strong>’</strong></span> <span class='ocrx_word' id='word_1_58' title='bbox 224 1113 353 1166; x_wconf 82' lang='lat' dir='ltr'><strong>&#39;cesse</strong></span> <span class='ocrx_word' id='word_1_59' title='bbox 361 1099 475 1164; x_wconf 84' lang='lat' dir='ltr'><strong>omnia</strong></span> <span class='ocrx_word' id='word_1_60' title='bbox 497 1093 540 1159; x_wconf 90' lang='lat' dir='ltr'><strong>ad</strong></span> <span class='ocrx_word' id='word_1_61' title='bbox 561 1093 678 1156; x_wconf 88' lang='lat' dir='ltr'><strong>uiuum</strong></span> <span class='ocrx_word' id='word_1_62' title='bbox 687 1110 859 1154; x_wconf 82' lang='lat' dir='ltr'><strong>resecare.</strong></span> <span class='ocrx_word' id='word_1_63' title='bbox 901 1086 970 1156; x_wconf 85' lang='lat' dir='ltr'><strong>Sed</strong></span> <span class='ocrx_word' id='word_1_64' title='bbox 986 1071 1093 1184; x_wconf 85' lang='lat' dir='ltr'><strong>qualis</strong></span> <span class='ocrx_word' id='word_1_65' title='bbox 1112 1087 1177 1152; x_wconf 88' lang='lat' dir='ltr'><strong>erit</strong></span> <span class='ocrx_word' id='word_1_66' title='bbox 1195 1103 1236 1150; x_wconf 85' lang='lat' dir='ltr'><strong>ea</strong></span> <span class='ocrx_word' id='word_1_67' title='bbox 1251 1095 1332 1168; x_wconf 74' lang='lat' dir='ltr'><strong>tan-</strong></span> 
     </span>
    </p>
   </div>
   <div class='ocr_carea' id='block_1_7' title="bbox 246 1187 1331 1294">
    <p class='ocr_par' dir='ltr' id='par_1_7' title="bbox 246 1187 1331 1294">
     <span class='ocr_line' id='line_1_9' title="bbox 246 1187 1331 1294; baseline -0.013 -26"><span class='ocrx_word' id='word_1_68' title='bbox 246 1187 325 1294; x_wconf 83' lang='lat' dir='ltr'><strong>dem</strong></span> <span class='ocrx_word' id='word_1_69' title='bbox 346 1197 482 1290; x_wconf 86' lang='lat' dir='ltr'><strong>opinio,</strong></span> <span class='ocrx_word' id='word_1_70' title='bbox 502 1217 594 1289; x_wconf 76' lang='lat' dir='ltr'><strong>quae</strong></span> <span class='ocrx_word' id='word_1_71' title='bbox 614 1192 793 1282; x_wconf 81' lang='lat' dir='ltr'><strong>probanda</strong></span> <span class='ocrx_word' id='word_1_72' title='bbox 816 1187 889 1258; x_wconf 79' lang='lat' dir='ltr'><strong>esti</strong></span> <span class='ocrx_word' id='word_1_73' title='bbox 938 1189 988 1254; x_wconf 90' lang='lat' dir='ltr'><strong>Ea</strong></span> <span class='ocrx_word' id='word_1_74' title='bbox 1010 1199 1121 1272; x_wconf 79' lang='lat' dir='ltr'><strong>celte,</strong></span> <span class='ocrx_word' id='word_1_75' title='bbox 1144 1207 1233 1276; x_wconf 85' lang='lat' dir='ltr'><strong>quae</strong></span> <span class='ocrx_word' id='word_1_76' title='bbox 1255 1210 1331 1256; x_wconf 89' lang='grc' dir='ltr'>ιιοιι</span> 
     </span>
    </p>
   </div>
   <div class='ocr_carea' id='block_1_8' title="bbox 81 1285 1331 1488">
    <p class='ocr_par' dir='ltr' id='par_1_8' title="bbox 81 1285 1331 1484">
     <span class='ocr_line' id='line_1_10' title="bbox 101 1285 1331 1400; baseline -0.013 -29"><span class='ocrx_word' id='word_1_77' title='bbox 101 1363 121 1400; x_wconf 77' lang='lat'><strong>,.</strong></span> <span class='ocrx_word' id='word_1_78' title='bbox 170 1374 199 1398; x_wconf 33' lang='grc' dir='ltr'><strong>Ι,</strong></span> <span class='ocrx_word' id='word_1_79' title='bbox 247 1285 289 1372; x_wconf 79' lang='lat' dir='ltr'><strong>ab</strong></span> <span class='ocrx_word' id='word_1_80' title='bbox 310 1301 468 1389; x_wconf 89' lang='lat' dir='ltr'><strong>imperita</strong></span> <span class='ocrx_word' id='word_1_81' title='bbox 489 1285 724 1376; x_wconf 86' lang='lat' dir='ltr'><strong>multitudiue,</strong></span> <span class='ocrx_word' id='word_1_82' title='bbox 745 1287 808 1356; x_wconf 89' lang='lat' dir='ltr'><strong>sed</strong></span> <span class='ocrx_word' id='word_1_83' title='bbox 827 1310 846 1356; x_wconf 85' lang='lat' dir='ltr'><strong>a</strong></span> <span class='ocrx_word' id='word_1_84' title='bbox 867 1293 984 1380; x_wconf 77' lang='lat' dir='ltr'><strong>paucis</strong></span> <span class='ocrx_word' id='word_1_85' title='bbox 1003 1289 1232 1390; x_wconf 79' lang='lat' dir='ltr'><strong>sapientibus,</strong></span> <span class='ocrx_word' id='word_1_86' title='bbox 1251 1293 1331 1356; x_wconf 89' lang='lat' dir='ltr'><strong>uui-</strong></span> 
     </span>
     <span class='ocr_line' id='line_1_11' title="bbox 81 1392 1330 1488; baseline -0.009 -16"><span class='ocrx_word' id='word_1_87' title='bbox 81 1465 82 1472; x_wconf 71' lang='grc'>,</span> <span class='ocrx_word' id='word_1_88' title='bbox 135 1432 138 1442; x_wconf 73' lang='grc'><em>’</em></span> <span class='ocrx_word' id='word_1_89' title='bbox 245 1425 344 1479; x_wconf 86' lang='lat' dir='ltr'><strong>uersa</strong></span> <span class='ocrx_word' id='word_1_90' title='bbox 368 1403 471 1468; x_wconf 88' lang='lat' dir='ltr'><strong>etiam</strong></span> <span class='ocrx_word' id='word_1_91' title='bbox 491 1393 710 1463; x_wconf 87' lang='lat' dir='ltr'><strong>multitudine</strong></span> <span class='ocrx_word' id='word_1_92' title='bbox 730 1392 955 1478; x_wconf 81' lang='lat' dir='ltr'><strong>reclamante,</strong></span> <span class='ocrx_word' id='word_1_93' title='bbox 984 1408 1149 1484; x_wconf 87' lang='lat' dir='ltr'><strong>concepta</strong></span> <span class='ocrx_word' id='word_1_94' title='bbox 1173 1409 1235 1470; x_wconf 82' lang='lat' dir='ltr'><strong>est.</strong></span> <span class='ocrx_word' id='word_1_95' title='bbox 1280 1396 1330 1488; x_wconf 93' lang='lat' dir='ltr'><strong>At</strong></span> 
     </span>
    </p>
   </div>
   <div class='ocr_carea' id='block_1_9' title="bbox 151 1481 1396 2210">
    <p class='ocr_par' dir='ltr' id='par_1_9' title="bbox 151 1481 1396 2204">
     <span class='ocr_line' id='line_1_12' title="bbox 186 1481 1329 1600; baseline -0.009 -29"><span class='ocrx_word' id='word_1_96' title='bbox 186 1486 204 1530; x_wconf 56' lang='lat'><strong>⁸·</strong></span> <span class='ocrx_word' id='word_1_97' title='bbox 242 1502 384 1600; x_wconf 82' lang='lat' dir='ltr'><strong>&#39;gloria</strong></span> <span class='ocrx_word' id='word_1_98' title='bbox 374 1529 412 1570; x_wconf 87' lang='grc' dir='ltr'><strong>ιιι</strong></span> <span class='ocrx_word' id='word_1_99' title='bbox 434 1498 677 1567; x_wconf 76' lang='lat' dir='ltr'><strong>existimatione</strong></span> <span class='ocrx_word' id='word_1_100' title='bbox 690 1487 855 1586; x_wconf 88' lang='lat' dir='ltr'><strong>populari</strong></span> <span class='ocrx_word' id='word_1_101' title='bbox 877 1513 981 1585; x_wconf 85' lang='lat' dir='ltr'><strong>atque</strong></span> <span class='ocrx_word' id='word_1_102' title='bbox 1004 1495 1229 1562; x_wconf 74' lang='lat' dir='ltr'><strong>multitudinis</strong></span> <span class='ocrx_word' id='word_1_103' title='bbox 1251 1481 1329 1586; x_wconf 79' lang='lat' dir='ltr'><strong>opi-</strong></span> 
     </span>
     <span class='ocr_line' id='line_1_13' title="bbox 203 1588 1358 1688; baseline -0.008 -13"><span class='ocrx_word' id='word_1_104' title='bbox 203 1588 206 1603; x_wconf 39' lang='grc' dir='ltr'>Ι</span> <span class='ocrx_word' id='word_1_105' title='bbox 245 1612 351 1675; x_wconf 87' lang='lat' dir='ltr'><strong>niune</strong></span> <span class='ocrx_word' id='word_1_106' title='bbox 373 1602 535 1672; x_wconf 83' lang='lat' dir='ltr'><strong>consistit.</strong></span> <span class='ocrx_word' id='word_1_107' title='bbox 559 1591 694 1686; x_wconf 83' lang='lat' dir='ltr'><strong>Quod</strong></span> <span class='ocrx_word' id='word_1_108' title='bbox 721 1593 888 1688; x_wconf 83' lang='lat' dir='ltr'><strong>loquendi</strong></span> <span class='ocrx_word' id='word_1_109' title='bbox 908 1598 1122 1665; x_wconf 90' lang='lat' dir='ltr'><strong>consuetudo</strong></span> <span class='ocrx_word' id='word_1_110' title='bbox 1143 1595 1245 1666; x_wconf 80' lang='lat' dir='ltr'><strong>facile</strong></span> <span class='ocrx_word' id='word_1_111' title='bbox 1264 1593 1330 1667; x_wconf 83' lang='lat' dir='ltr'><strong>&#39;-de</strong></span> <span class='ocrx_word' id='word_1_112' title='bbox 1333 1593 1358 1674; x_wconf 81' lang='grc'><strong>,’</strong></span> 
     </span>
     <span class='ocr_line' id='line_1_14' title="bbox 228 1691 1329 1801; baseline -0.01 -24"><span class='ocrx_word' id='word_1_113' title='bbox 228 1709 362 1778; x_wconf 65' lang='grc' dir='ltr'>ἰΙιιιι</span> <span class='ocrx_word' id='word_1_114' title='bbox 403 1705 487 1772; x_wconf 90' lang='lat' dir='ltr'><strong>Non</strong></span> <span class='ocrx_word' id='word_1_115' title='bbox 509 1705 600 1768; x_wconf 88' lang='lat' dir='ltr'><strong>enim</strong></span> <span class='ocrx_word' id='word_1_116' title='bbox 623 1693 753 1788; x_wconf 87' lang='lat' dir='ltr'><strong>gloriae</strong></span> <span class='ocrx_word' id='word_1_117' title='bbox 771 1691 918 1791; x_wconf 85' lang='lat' dir='ltr'><strong>cupidos</strong></span> <span class='ocrx_word' id='word_1_118' title='bbox 941 1693 1147 1792; x_wconf 85' lang='lat' dir='ltr'><strong>appellamus</strong></span> <span class='ocrx_word' id='word_1_119' title='bbox 1168 1721 1241 1801; x_wconf 78' lang='lat' dir='ltr'><strong>eos,</strong></span> <span class='ocrx_word' id='word_1_120' title='bbox 1269 1703 1329 1791; x_wconf 91' lang='lat' dir='ltr'><strong>qui</strong></span> 
     </span>
     <span class='ocr_line' id='line_1_15' title="bbox 245 1792 1396 1900; baseline -0.003 -26"><span class='ocrx_word' id='word_1_121' title='bbox 245 1835 282 1879; x_wconf 79' lang='lat' dir='ltr'><strong>ee</strong></span> <span class='ocrx_word' id='word_1_122' title='bbox 302 1809 419 1900; x_wconf 89' lang='lat' dir='ltr'><strong>paucis</strong></span> <span class='ocrx_word' id='word_1_123' title='bbox 440 1800 579 1896; x_wconf 88' lang='lat' dir='ltr'><strong>probari</strong></span> <span class='ocrx_word' id='word_1_124' title='bbox 600 1801 757 1892; x_wconf 90' lang='lat' dir='ltr'><strong>cupiunt,</strong></span> <span class='ocrx_word' id='word_1_125' title='bbox 779 1799 871 1870; x_wconf 88' lang='lat' dir='ltr'><strong>sed</strong></span> <span class='ocrx_word' id='word_1_126' title='bbox 862 1808 921 1894; x_wconf 90' lang='lat' dir='ltr'><strong>qui</strong></span> <span class='ocrx_word' id='word_1_127' title='bbox 941 1829 978 1871; x_wconf 89' lang='lat' dir='ltr'><strong>se</strong></span> <span class='ocrx_word' id='word_1_128' title='bbox 998 1817 1093 1872; x_wconf 87' lang='lat' dir='ltr'><strong>totos</strong></span> <span class='ocrx_word' id='word_1_129' title='bbox 1115 1799 1163 1875; x_wconf 89' lang='lat' dir='ltr'><strong>ad</strong></span> <span class='ocrx_word' id='word_1_130' title='bbox 1168 1792 1329 1896; x_wconf 80' lang='lat' dir='ltr'><strong>multitu·</strong></span> <span class='ocrx_word' id='word_1_131' title='bbox 1393 1883 1396 1892; x_wconf 30' lang='grc' dir='ltr'>Ι</span> 
     </span>
     <span class='ocr_line' id='line_1_16' title="bbox 246 1904 1328 1996; baseline -0.006 -18"><span class='ocrx_word' id='word_1_132' title='bbox 246 1913 333 1978; x_wconf 89' lang='lat' dir='ltr'><strong>dinis</strong></span> <span class='ocrx_word' id='word_1_133' title='bbox 364 1904 539 1988; x_wconf 85' lang='lat' dir='ltr'><strong>arbitrium</strong></span> <span class='ocrx_word' id='word_1_134' title='bbox 566 1907 701 1994; x_wconf 87' lang='lat' dir='ltr'><strong>fingunt</strong></span> <span class='ocrx_word' id='word_1_135' title='bbox 730 1916 766 1973; x_wconf 84' lang='lat' dir='ltr'><strong>et</strong></span> <span class='ocrx_word' id='word_1_136' title='bbox 796 1908 1093 1974; x_wconf 55' lang='lat' dir='ltr'><strong>accommodanta&#39;</strong></span> <span class='ocrx_word' id='word_1_137' title='bbox 1122 1909 1207 1996; x_wconf 85' lang='lat' dir='ltr'><strong>Quis</strong></span> <span class='ocrx_word' id='word_1_138' title='bbox 1236 1904 1328 1972; x_wconf 88' lang='lat' dir='ltr'><strong>euim</strong></span> 
     </span>
     <span class='ocr_line' id='line_1_17' title="bbox 151 1997 1328 2103; baseline 0.005 -31"><span class='ocrx_word' id='word_1_139' title='bbox 151 2053 154 2072; x_wconf 73' lang='grc'>,</span> <span class='ocrx_word' id='word_1_140' title='bbox 244 1997 396 2103; x_wconf 78' lang='lat' dir='ltr'><strong>uuquam</strong></span> <span class='ocrx_word' id='word_1_141' title='bbox 416 2023 489 2076; x_wconf 85' lang='lat' dir='ltr'><strong>sese</strong></span> <span class='ocrx_word' id='word_1_142' title='bbox 510 2006 709 2076; x_wconf 85' lang='lat' dir='ltr'><strong>nobilitatis</strong></span> <span class='ocrx_word' id='word_1_143' title='bbox 718 2032 835 2077; x_wconf 90' lang='lat' dir='ltr'><strong>amore</strong></span> <span class='ocrx_word' id='word_1_144' title='bbox 851 2011 894 2078; x_wconf 89' lang='lat' dir='ltr'><strong>ab</strong></span> <span class='ocrx_word' id='word_1_145' title='bbox 908 2012 1084 2078; x_wconf 89' lang='lat' dir='ltr'><strong>hominum</strong></span> <span class='ocrx_word' id='word_1_146' title='bbox 1099 2030 1202 2078; x_wconf 89' lang='lat' dir='ltr'><strong>coetu</strong></span> <span class='ocrx_word' id='word_1_147' title='bbox 1221 2028 1328 2102; x_wconf 87' lang='lat' dir='ltr'><strong>atque</strong></span> 
     </span>
     <span class='ocr_line' id='line_1_18' title="bbox 193 2101 1327 2210; baseline -0.004 -28"><span class='ocrx_word' id='word_1_148' title='bbox 193 2171 197 2182; x_wconf 90' lang='lat'><strong>.</strong></span> <span class='ocrx_word' id='word_1_149' title='bbox 246 2115 499 2210; x_wconf 75' lang='lat' dir='ltr'><strong>commuuione.</strong></span> <span class='ocrx_word' id='word_1_150' title='bbox 510 2101 678 2179; x_wconf 81' lang='lat' dir='ltr'><strong>seiunxit?</strong></span> <span class='ocrx_word' id='word_1_151' title='bbox 720 2112 813 2198; x_wconf 86' lang='lat' dir='ltr'><strong>Quin</strong></span> <span class='ocrx_word' id='word_1_152' title='bbox 829 2116 941 2202; x_wconf 89' lang='lat' dir='ltr'><strong>potius</strong></span> <span class='ocrx_word' id='word_1_153' title='bbox 957 2135 1093 2199; x_wconf 86' lang='lat' dir='ltr'><strong>omnes,</strong></span> <span class='ocrx_word' id='word_1_154' title='bbox 1116 2137 1175 2204; x_wconf 77' lang='lat' dir='ltr'><strong>qur</strong></span> <span class='ocrx_word' id='word_1_155' title='bbox 1165 2113 1327 2180; x_wconf 80' lang='lat' dir='ltr'><strong>laudem</strong></span> 
     </span>
    </p>
   </div>
   <div class='ocr_carea' id='block_1_10' title="bbox 102 2209 1325 2305">
    <p class='ocr_par' dir='ltr' id='par_1_10' title="bbox 102 2209 1325 2305">
     <span class='ocr_line' id='line_1_19' title="bbox 102 2209 1325 2305; baseline -0.006 -14"><span class='ocrx_word' id='word_1_156' title='bbox 102 2209 106 2216; x_wconf 36' lang='lat'>¹</span> <span class='ocrx_word' id='word_1_157' title='bbox 162 2293 164 2302; x_wconf 69' lang='grc'><em>,</em></span> <span class='ocrx_word' id='word_1_158' title='bbox 244 2233 361 2289; x_wconf 86' lang='lat' dir='ltr'><strong>ament</strong></span> <span class='ocrx_word' id='word_1_159' title='bbox 372 2219 410 2282; x_wconf 91' lang='lat' dir='ltr'><strong>in</strong></span> <span class='ocrx_word' id='word_1_160' title='bbox 421 2215 598 2290; x_wconf 85' lang='lat' dir='ltr'><strong>hominum</strong></span> <span class='ocrx_word' id='word_1_161' title='bbox 611 2211 688 2278; x_wconf 88' lang='lat' dir='ltr'><strong>luce</strong></span> <span class='ocrx_word' id='word_1_162' title='bbox 702 2223 807 2303; x_wconf 88' lang='lat' dir='ltr'><strong>atque</strong></span> <span class='ocrx_word' id='word_1_163' title='bbox 821 2213 1018 2283; x_wconf 74' lang='lat' dir='ltr'><strong>celebritate</strong></span> <span class='ocrx_word' id='word_1_164' title='bbox 1029 2219 1158 2282; x_wconf 76' lang='lat' dir='ltr'><strong>uersari</strong></span> <span class='ocrx_word' id='word_1_165' title='bbox 1170 2215 1325 2305; x_wconf 81' lang='lat' dir='ltr'><strong>cupiunt,</strong></span> 
     </span>
    </p>
   </div>
   <div class='ocr_carea' id='block_1_11' title="bbox 245 2299 1350 2408">
    <p class='ocr_par' dir='ltr' id='par_1_11' title="bbox 245 2299 1350 2408">
     <span class='ocr_line' id='line_1_20' title="bbox 245 2299 1350 2408; baseline -0.003 -18"><span class='ocrx_word' id='word_1_166' title='bbox 245 2339 282 2390; x_wconf 90' lang='lat' dir='ltr'><strong>et</strong></span> <span class='ocrx_word' id='word_1_167' title='bbox 302 2324 338 2388; x_wconf 90' lang='lat' dir='ltr'><strong>iu</strong></span> <span class='ocrx_word' id='word_1_168' title='bbox 351 2319 515 2384; x_wconf 91' lang='lat' dir='ltr'><strong>omnium</strong></span> <span class='ocrx_word' id='word_1_169' title='bbox 544 2299 727 2405; x_wconf 81' lang='lat' dir='ltr'><strong>conspectu</strong></span> <span class='ocrx_word' id='word_1_170' title='bbox 755 2339 810 2382; x_wconf 85' lang='lat' dir='ltr'><strong>res</strong></span> <span class='ocrx_word' id='word_1_171' title='bbox 839 2339 977 2408; x_wconf 88' lang='lat' dir='ltr'><strong>magnas</strong></span> <span class='ocrx_word' id='word_1_172' title='bbox 1004 2317 1257 2406; x_wconf 81' lang='lat' dir='ltr'><strong>administrare,</strong></span> <span class='ocrx_word' id='word_1_173' title='bbox 1286 2337 1326 2387; x_wconf 91' lang='lat' dir='ltr'><strong>ut</strong></span> <span class='ocrx_word' id='word_1_174' title='bbox 1348 2311 1350 2318; x_wconf 59' lang='grc'>’</span> 
     </span>
    </p>
   </div>
   <div class='ocr_carea' id='block_1_12' title="bbox 26 2392 1325 2513">
    <p class='ocr_par' dir='ltr' id='par_1_12' title="bbox 26 2392 1325 2513">
     <span class='ocr_line' id='line_1_21' title="bbox 26 2392 1325 2513; baseline -0.005 -19"><span class='ocrx_word' id='word_1_175' title='bbox 26 2408 28 2416; x_wconf 41' lang='grc'>’</span> <span class='ocrx_word' id='word_1_176' title='bbox 68 2411 74 2434; x_wconf 59' lang='lat'><strong><em>‘</em></strong></span> <span class='ocrx_word' id='word_1_177' title='bbox 160 2392 178 2444; x_wconf 27' lang='grc' dir='ltr'><strong>’Ἡ</strong></span> <span class='ocrx_word' id='word_1_178' title='bbox 244 2447 320 2492; x_wconf 90' lang='lat' dir='ltr'><strong>eam</strong></span> <span class='ocrx_word' id='word_1_179' title='bbox 341 2401 483 2510; x_wconf 83' lang='lat' dir='ltr'><strong>gloriam</strong></span> <span class='ocrx_word' id='word_1_180' title='bbox 504 2435 737 2512; x_wconf 80' lang='lat' dir='ltr'><strong>assequantur,</strong></span> <span class='ocrx_word' id='word_1_181' title='bbox 759 2431 861 2513; x_wconf 82' lang='lat' dir='ltr'><strong>quarn</strong></span> <span class='ocrx_word' id='word_1_182' title='bbox 882 2423 945 2490; x_wconf 84' lang='lat' dir='ltr'><strong>sibi</strong></span> <span class='ocrx_word' id='word_1_183' title='bbox 966 2429 1230 2511; x_wconf 81' lang='lat' dir='ltr'><strong>proposuerunt.</strong></span> <span class='ocrx_word' id='word_1_184' title='bbox 1263 2421 1325 2488; x_wconf 90' lang='lat' dir='ltr'><strong>llle</strong></span> 
     </span>
    </p>
   </div>
   <div class='ocr_carea' id='block_1_13' title="bbox 244 2523 1325 2619">
    <p class='ocr_par' dir='ltr' id='par_1_13' title="bbox 244 2523 1325 2619">
     <span class='ocr_line' id='line_1_22' title="bbox 244 2523 1325 2619; baseline -0.001 -26"><span class='ocrx_word' id='word_1_185' title='bbox 244 2553 305 2619; x_wconf 88' lang='lat' dir='ltr'><strong>qur</strong></span> <span class='ocrx_word' id='word_1_186' title='bbox 295 2523 503 2594; x_wconf 87' lang='lat' dir='ltr'><strong>Platonem</strong></span> <span class='ocrx_word' id='word_1_187' title='bbox 528 2525 635 2588; x_wconf 88' lang='lat' dir='ltr'><strong>instar</strong></span> <span class='ocrx_word' id='word_1_188' title='bbox 656 2526 809 2591; x_wconf 87' lang='lat' dir='ltr'><strong>omnium</strong></span> <span class='ocrx_word' id='word_1_189' title='bbox 831 2523 1059 2608; x_wconf 84' lang='lat' dir='ltr'><strong>existimabat,</strong></span> <span class='ocrx_word' id='word_1_190' title='bbox 1090 2525 1189 2592; x_wconf 80' lang='lat' dir='ltr'><strong>stab</strong></span> <span class='ocrx_word' id='word_1_191' title='bbox 1213 2528 1325 2592; x_wconf 86' lang='lat' dir='ltr'><strong>omni·</strong></span> 
     </span>
    </p>
   </div>
   <div class='ocr_carea' id='block_1_14' title="bbox 51 2617 1325 2716">
    <p class='ocr_par' dir='ltr' id='par_1_14' title="bbox 51 2617 1325 2716">
     <span class='ocr_line' id='line_1_23' title="bbox 51 2617 1325 2716; baseline -0.005 -16"><span class='ocrx_word' id='word_1_192' title='bbox 51 2641 57 2656; x_wconf 85' lang='lat'><strong><em>‘</em></strong></span> <span class='ocrx_word' id='word_1_193' title='bbox 165 2617 173 2650; x_wconf 62' lang='lat'>³</span> <span class='ocrx_word' id='word_1_194' title='bbox 242 2633 308 2700; x_wconf 90' lang='lat' dir='ltr'><strong>bus</strong></span> <span class='ocrx_word' id='word_1_195' title='bbox 325 2629 396 2696; x_wconf 88' lang='lat' dir='ltr'><strong>alus</strong></span> <span class='ocrx_word' id='word_1_196' title='bbox 409 2628 576 2710; x_wconf 81' lang='lat' dir='ltr'><strong>desertus,</strong></span> <span class='ocrx_word' id='word_1_197' title='bbox 595 2642 736 2713; x_wconf 88' lang='lat' dir='ltr'><strong>praeter</strong></span> <span class='ocrx_word' id='word_1_198' title='bbox 743 2643 848 2694; x_wconf 85' lang='lat' dir='ltr'><strong>unum</strong></span> <span class='ocrx_word' id='word_1_199' title='bbox 861 2629 1027 2694; x_wconf 81' lang='lat' dir='ltr'><strong>Graeciae</strong></span> <span class='ocrx_word' id='word_1_200' title='bbox 1039 2629 1325 2716; x_wconf 74' lang='lat' dir='ltr'><strong>sapientissimum</strong></span> 
     </span>
    </p>
   </div>
   <div class='ocr_carea' id='block_1_15' title="bbox 148 2718 1411 2951">
    <p class='ocr_par' dir='ltr' id='par_1_15' title="bbox 148 2718 1411 2926">
     <span class='ocr_line' id='line_1_24' title="bbox 148 2718 1411 2818; baseline -0.003 -16"><span class='ocrx_word' id='word_1_201' title='bbox 148 2743 151 2751; x_wconf 88' lang='lat'>&#39;</span> <span class='ocrx_word' id='word_1_202' title='bbox 188 2737 189 2746; x_wconf 74' lang='grc'>’</span> <span class='ocrx_word' id='word_1_203' title='bbox 242 2755 317 2802; x_wconf 89' lang='grc' dir='ltr'>ιιοιι</span> <span class='ocrx_word' id='word_1_204' title='bbox 344 2729 446 2798; x_wconf 87' lang='lat' dir='ltr'><strong>alium</strong></span> <span class='ocrx_word' id='word_1_205' title='bbox 471 2721 667 2794; x_wconf 71' lang='lat' dir='ltr'><strong>ianitorem</strong></span> <span class='ocrx_word' id='word_1_206' title='bbox 695 2718 938 2818; x_wconf 81' lang='lat' dir='ltr'><strong>requirebat,</strong></span> <span class='ocrx_word' id='word_1_207' title='bbox 947 2751 1020 2796; x_wconf 88' lang='lat' dir='ltr'><strong>nou</strong></span> <span class='ocrx_word' id='word_1_208' title='bbox 1039 2745 1125 2796; x_wconf 87' lang='lat' dir='ltr'><strong>eret</strong></span> <span class='ocrx_word' id='word_1_209' title='bbox 1128 2729 1350 2798; x_wconf 87' lang='lat' dir='ltr'><strong>studiosus·</strong></span> <span class='ocrx_word' id='word_1_210' title='bbox 1410 2761 1411 2810; x_wconf 76' lang='lat' dir='ltr'><strong>l</strong></span> 
     </span>
     <span class='ocr_line' id='line_1_25' title="bbox 220 2817 1325 2951; baseline -0.001 -50"><span class='ocrx_word' id='word_1_211' title='bbox 220 2835 390 2926; x_wconf 46' lang='lat' dir='ltr'><strong>(gloriae,</strong></span> <span class='ocrx_word' id='word_1_212' title='bbox 411 2817 471 2896; x_wconf 86' lang='lat' dir='ltr'><strong>sed</strong></span> <span class='ocrx_word' id='word_1_213' title='bbox 493 2831 657 2894; x_wconf 87' lang='lat' dir='ltr'><strong>ueritatis.</strong></span> <span class='ocrx_word' id='word_1_214' title='bbox 701 2831 830 2896; x_wconf 86' lang='lat' dir='ltr'><strong>Contra</strong></span> <span class='ocrx_word' id='word_1_215' title='bbox 857 2853 942 2906; x_wconf 85' lang='lat' dir='ltr'><strong>uero</strong></span> <span class='ocrx_word' id='word_1_216' title='bbox 965 2827 1231 2951; x_wconf 67' lang='lat' dir='ltr'><strong>Demosthenes,</strong></span> <span class='ocrx_word' id='word_1_217' title='bbox 1264 2837 1325 2923; x_wconf 89' lang='lat' dir='ltr'><strong>qui</strong></span> 
     </span>
    </p>
   </div>
   <div class='ocr_carea' id='block_1_16' title="bbox 26 2904 1324 3026">
    <p class='ocr_par' dir='ltr' id='par_1_16' title="bbox 26 2904 1324 3026">
     <span class='ocr_line' id='line_1_26' title="bbox 26 2904 1324 3026; baseline 0.01 -37"><span class='ocrx_word' id='word_1_218' title='bbox 26 2979 29 2989; x_wconf 93' lang='lat'><strong>.</strong></span> <span class='ocrx_word' id='word_1_219' title='bbox 60 2950 63 2959; x_wconf 92' lang='lat'>·</span> <span class='ocrx_word' id='word_1_220' title='bbox 96 2937 125 2999; x_wconf 84' lang='grc'><strong>’,</strong></span> <span class='ocrx_word' id='word_1_221' title='bbox 159 3007 162 3014; x_wconf 37' lang='grc'><em>,</em></span> <span class='ocrx_word' id='word_1_222' title='bbox 242 2932 372 3022; x_wconf 83' lang='lat' dir='ltr'><strong>gloriae</strong></span> <span class='ocrx_word' id='word_1_223' title='bbox 394 2925 581 3016; x_wconf 88' lang='lat' dir='ltr'><strong>cupiditate</strong></span> <span class='ocrx_word' id='word_1_224' title='bbox 601 2904 822 2996; x_wconf 88' lang='lat' dir='ltr'><strong>Academiam</strong></span> <span class='ocrx_word' id='word_1_225' title='bbox 844 2931 1059 3012; x_wconf 79' lang='lat' dir='ltr'><strong>deseruit,</strong></span> <span class='ocrx_word' id='word_1_226' title='bbox 1032 2957 1061 2998; x_wconf 85' lang='lat' dir='ltr'><strong>st</strong></span> <span class='ocrx_word' id='word_1_227' title='bbox 1081 2927 1201 3001; x_wconf 85' lang='lat' dir='ltr'><strong>fuisset</strong></span> <span class='ocrx_word' id='word_1_228' title='bbox 1220 2959 1239 3001; x_wconf 86' lang='lat' dir='ltr'><strong>a</strong></span> <span class='ocrx_word' id='word_1_229' title='bbox 1258 2959 1324 3026; x_wconf 89' lang='lat' dir='ltr'><strong>po·</strong></span> 
     </span>
    </p>
   </div>
   <div class='ocr_carea' id='block_1_17' title="bbox 235 3027 1411 3127">
    <p class='ocr_par' dir='ltr' id='par_1_17' title="bbox 235 3027 1411 3127">
     <span class='ocr_line' id='line_1_27' title="bbox 235 3027 1411 3127; baseline 0.003 -27"><span class='ocrx_word' id='word_1_230' title='bbox 235 3033 315 3127; x_wconf 86' lang='lat' dir='ltr'><strong>puli</strong></span> <span class='ocrx_word' id='word_1_231' title='bbox 336 3052 465 3114; x_wconf 87' lang='lat' dir='ltr'><strong>corona</strong></span> <span class='ocrx_word' id='word_1_232' title='bbox 487 3027 681 3114; x_wconf 88' lang='lat' dir='ltr'><strong>destitutus,</strong></span> <span class='ocrx_word' id='word_1_233' title='bbox 704 3035 806 3100; x_wconf 87' lang='lat' dir='ltr'><strong>etiam</strong></span> <span class='ocrx_word' id='word_1_234' title='bbox 828 3033 987 3100; x_wconf 85' lang='lat' dir='ltr'><strong>audiente</strong></span> <span class='ocrx_word' id='word_1_235' title='bbox 1001 3033 1155 3120; x_wconf 87' lang='lat' dir='ltr'><strong>Platone,</strong></span> <span class='ocrx_word' id='word_1_236' title='bbox 1177 3037 1323 3104; x_wconf 80' lang='lat' dir='ltr'><strong>uerbum</strong></span> <span class='ocrx_word' id='word_1_237' title='bbox 1410 3031 1411 3038; x_wconf 9' lang='grc' dir='ltr'>ἵ</span> 
     </span>
    </p>
   </div>
   <div class='ocr_carea' id='block_1_18' title="bbox 126 3121 1321 3225">
    <p class='ocr_par' dir='ltr' id='par_1_18' title="bbox 126 3121 1321 3225">
     <span class='ocr_line' id='line_1_28' title="bbox 126 3121 1321 3225; baseline 0.003 -22"><span class='ocrx_word' id='word_1_238' title='bbox 126 3121 154 3198; x_wconf 41' lang='grc' dir='ltr'><strong>Ῐ</strong></span> <span class='ocrx_word' id='word_1_239' title='bbox 220 3131 372 3204; x_wconf 57' lang='lat' dir='ltr'><strong>&#39;nullum</strong></span> <span class='ocrx_word' id='word_1_240' title='bbox 392 3131 547 3217; x_wconf 70' lang='lat' dir='ltr'><strong>lecissett</strong></span> <span class='ocrx_word' id='word_1_241' title='bbox 578 3133 639 3200; x_wconf 79' lang='lat' dir='ltr'><strong>sed</strong></span> <span class='ocrx_word' id='word_1_242' title='bbox 660 3138 772 3224; x_wconf 85' lang='lat' dir='ltr'><strong>potius</strong></span> <span class='ocrx_word' id='word_1_243' title='bbox 799 3141 912 3204; x_wconf 91' lang='lat' dir='ltr'><strong>animo</strong></span> <span class='ocrx_word' id='word_1_244' title='bbox 942 3139 1068 3204; x_wconf 82' lang='lat' dir='ltr'><strong>fractus</strong></span> <span class='ocrx_word' id='word_1_245' title='bbox 1097 3154 1132 3205; x_wconf 86' lang='lat' dir='ltr'><strong>et</strong></span> <span class='ocrx_word' id='word_1_246' title='bbox 1151 3161 1321 3225; x_wconf 87' lang='lat' dir='ltr'><strong>moereas,</strong></span> 
     </span>
    </p>
   </div>
   <div class='ocr_carea' id='block_1_19' title="bbox 151 3185 1323 3330">
    <p class='ocr_par' dir='ltr' id='par_1_19' title="bbox 151 3185 1323 3330">
     <span class='ocr_line' id='line_1_29' title="bbox 151 3185 1323 3330; baseline 0 -26"><span class='ocrx_word' id='word_1_247' title='bbox 151 3255 154 3266; x_wconf 72' lang='lat'><strong>¹</strong></span> <span class='ocrx_word' id='word_1_248' title='bbox 180 3303 183 3314; x_wconf 83' lang='grc'>,</span> <span class='ocrx_word' id='word_1_249' title='bbox 240 3239 353 3320; x_wconf 88' lang='lat' dir='ltr'><strong>luctu,</strong></span> <span class='ocrx_word' id='word_1_250' title='bbox 384 3235 478 3326; x_wconf 82' lang='lat' dir='ltr'><strong>quod</strong></span> <span class='ocrx_word' id='word_1_251' title='bbox 499 3185 683 3326; x_wconf 75' lang='lat' dir='ltr'><strong>aliquando</strong></span> <span class='ocrx_word' id='word_1_252' title='bbox 704 3240 826 3310; x_wconf 87' lang='lat' dir='ltr'><strong>fecisse</strong></span> <span class='ocrx_word' id='word_1_253' title='bbox 845 3239 1010 3311; x_wconf 82' lang='lat' dir='ltr'><strong>traditum</strong></span> <span class='ocrx_word' id='word_1_254' title='bbox 1039 3257 1108 3324; x_wconf 88' lang='lat' dir='ltr'><strong>est,</strong></span> <span class='ocrx_word' id='word_1_255' title='bbox 1134 3241 1323 3330; x_wconf 70' lang='lat' dir='ltr'><strong>propemo-</strong></span> 
     </span>
    </p>
   </div>
   <div class='ocr_carea' id='block_1_20' title="bbox 88 3337 1323 3534">
    <p class='ocr_par' dir='ltr' id='par_1_20' title="bbox 88 3337 1323 3534">
     <span class='ocr_line' id='line_1_30' title="bbox 88 3337 1323 3432; baseline 0.004 -25"><span class='ocrx_word' id='word_1_256' title='bbox 88 3337 90 3432; x_wconf 52' lang='lat' dir='ltr'>J</span> <span class='ocrx_word' id='word_1_257' title='bbox 196 3369 200 3382; x_wconf 44' lang='grc' dir='ltr'><strong>ι</strong></span> <span class='ocrx_word' id='word_1_258' title='bbox 242 3343 325 3408; x_wconf 89' lang='lat' dir='ltr'><strong>dum</strong></span> <span class='ocrx_word' id='word_1_259' title='bbox 346 3338 588 3405; x_wconf 83' lang='lat' dir='ltr'><strong>contabuisset.</strong></span> <span class='ocrx_word' id='word_1_260' title='bbox 628 3341 685 3406; x_wconf 85' lang='lat' dir='ltr'><strong>Sic</strong></span> <span class='ocrx_word' id='word_1_261' title='bbox 708 3357 760 3408; x_wconf 88' lang='lat' dir='ltr'><strong>est</strong></span> <span class='ocrx_word' id='word_1_262' title='bbox 781 3347 869 3410; x_wconf 86' lang='lat' dir='ltr'><strong>euim</strong></span> <span class='ocrx_word' id='word_1_263' title='bbox 886 3339 1020 3408; x_wconf 88' lang='lat' dir='ltr'><strong>humilis</strong></span> <span class='ocrx_word' id='word_1_264' title='bbox 1037 3357 1140 3431; x_wconf 88' lang='lat' dir='ltr'><strong>atque</strong></span> <span class='ocrx_word' id='word_1_265' title='bbox 1157 3341 1323 3412; x_wconf 81' lang='lat' dir='ltr'><strong>demissus</strong></span> 
     </span>
     <span class='ocr_line' id='line_1_31' title="bbox 115 3437 1322 3534; baseline 0.002 -23"><span class='ocrx_word' id='word_1_266' title='bbox 115 3473 119 3482; x_wconf 70' lang='lat'>¹</span> <span class='ocrx_word' id='word_1_267' title='bbox 154 3499 162 3512; x_wconf 87' lang='lat'><strong>.</strong></span> <span class='ocrx_word' id='word_1_268' title='bbox 242 3439 372 3512; x_wconf 80' lang='lat' dir='ltr'><strong>animus</strong></span> <span class='ocrx_word' id='word_1_269' title='bbox 393 3442 429 3505; x_wconf 92' lang='lat' dir='ltr'><strong>iu</strong></span> <span class='ocrx_word' id='word_1_270' title='bbox 446 3437 575 3526; x_wconf 88' lang='lat' dir='ltr'><strong>gloriae</strong></span> <span class='ocrx_word' id='word_1_271' title='bbox 590 3442 787 3530; x_wconf 81' lang='lat' dir='ltr'><strong>cupiditate.</strong></span> <span class='ocrx_word' id='word_1_272' title='bbox 830 3443 923 3532; x_wconf 87' lang='lat' dir='ltr'><strong>Quid</strong></span> <span class='ocrx_word' id='word_1_273' title='bbox 936 3443 1152 3534; x_wconf 78' lang='lat' dir='ltr'><strong>philosophi?</strong></span> <span class='ocrx_word' id='word_1_274' title='bbox 1191 3445 1322 3522; x_wconf 80' lang='lat' dir='ltr'><strong>Nonne</strong></span> 
     </span>
    </p>
   </div>
   <div class='ocr_carea' id='block_1_21' title="bbox 172 3535 1411 4352">
    <p class='ocr_par' dir='ltr' id='par_1_21' title="bbox 172 3535 1411 4342">
     <span class='ocr_line' id='line_1_32' title="bbox 240 3535 1411 3633; baseline -0.003 -19"><span class='ocrx_word' id='word_1_275' title='bbox 240 3549 320 3614; x_wconf 87' lang='lat' dir='ltr'><strong>satis</strong></span> <span class='ocrx_word' id='word_1_276' title='bbox 333 3536 541 3632; x_wconf 88' lang='lat' dir='ltr'><strong>ostendunt,</strong></span> <span class='ocrx_word' id='word_1_277' title='bbox 564 3559 637 3606; x_wconf 90' lang='lat' dir='ltr'><strong>eam</strong></span> <span class='ocrx_word' id='word_1_278' title='bbox 657 3545 695 3607; x_wconf 86' lang='lat' dir='ltr'><strong>in</strong></span> <span class='ocrx_word' id='word_1_279' title='bbox 715 3543 871 3633; x_wconf 86' lang='lat' dir='ltr'><strong>populari</strong></span> <span class='ocrx_word' id='word_1_280' title='bbox 892 3543 1148 3633; x_wconf 83' lang='lat' dir='ltr'><strong>praedicatione</strong></span> <span class='ocrx_word' id='word_1_281' title='bbox 1168 3538 1323 3612; x_wconf 75' lang='lat' dir='ltr'><strong>uelsarii</strong></span> <span class='ocrx_word' id='word_1_282' title='bbox 1410 3535 1411 3602; x_wconf 67' lang='lat' dir='ltr'><strong>l</strong></span> 
     </span>
     <span class='ocr_line' id='line_1_33' title="bbox 238 3643 1321 3742; baseline -0.001 -29"><span class='ocrx_word' id='word_1_283' title='bbox 238 3649 294 3714; x_wconf 79' lang='lat' dir='ltr'><strong>st</strong></span> <span class='ocrx_word' id='word_1_284' title='bbox 307 3647 398 3730; x_wconf 89' lang='lat' dir='ltr'><strong>enim</strong></span> <span class='ocrx_word' id='word_1_285' title='bbox 432 3649 509 3706; x_wconf 82' lang='lat' dir='ltr'><strong>eam</strong></span> <span class='ocrx_word' id='word_1_286' title='bbox 541 3663 736 3742; x_wconf 83' lang='lat' dir='ltr'><strong>paucorum</strong></span> <span class='ocrx_word' id='word_1_287' title='bbox 762 3643 890 3710; x_wconf 89' lang='lat' dir='ltr'><strong>iudicio</strong></span> <span class='ocrx_word' id='word_1_288' title='bbox 927 3648 1096 3738; x_wconf 86' lang='lat' dir='ltr'><strong>contineri</strong></span> <span class='ocrx_word' id='word_1_289' title='bbox 1124 3660 1321 3736; x_wconf 88' lang='lat' dir='ltr'><strong>putassent·</strong></span> 
     </span>
     <span class='ocr_line' id='line_1_34' title="bbox 239 3733 1321 3840; baseline -0.003 -24"><span class='ocrx_word' id='word_1_290' title='bbox 239 3764 415 3836; x_wconf 82' lang='lat' dir='ltr'><strong>nunquam</strong></span> <span class='ocrx_word' id='word_1_291' title='bbox 443 3743 497 3808; x_wconf 90' lang='lat' dir='ltr'><strong>ad</strong></span> <span class='ocrx_word' id='word_1_292' title='bbox 523 3743 614 3809; x_wconf 88' lang='lat' dir='ltr'><strong>illius</strong></span> <span class='ocrx_word' id='word_1_293' title='bbox 631 3745 934 3840; x_wconf 85' lang='lat' dir='ltr'><strong>contemptionem</strong></span> <span class='ocrx_word' id='word_1_294' title='bbox 951 3733 1064 3822; x_wconf 85' lang='lat' dir='ltr'><strong>tanto</strong></span> <span class='ocrx_word' id='word_1_295' title='bbox 1095 3743 1209 3812; x_wconf 86' lang='lat' dir='ltr'><strong>studio</strong></span> <span class='ocrx_word' id='word_1_296' title='bbox 1236 3769 1321 3820; x_wconf 88' lang='lat' dir='ltr'><strong>suos</strong></span> 
     </span>
     <span class='ocr_line' id='line_1_35' title="bbox 215 3841 1411 3941; baseline 0.001 -26"><span class='ocrx_word' id='word_1_297' title='bbox 215 3901 219 3915; x_wconf 74' lang='grc'><strong>.</strong></span> <span class='ocrx_word' id='word_1_298' title='bbox 240 3844 444 3912; x_wconf 86' lang='lat' dir='ltr'><strong>auditores</strong></span> <span class='ocrx_word' id='word_1_299' title='bbox 433 3845 677 3930; x_wconf 81' lang='lat' dir='ltr'><strong>anstruxissent.</strong></span> <span class='ocrx_word' id='word_1_300' title='bbox 717 3843 818 3911; x_wconf 88' lang='lat' dir='ltr'><strong>Hoc</strong></span> <span class='ocrx_word' id='word_1_301' title='bbox 808 3849 912 3934; x_wconf 77' lang='lat' dir='ltr'><strong>igitur</strong></span> <span class='ocrx_word' id='word_1_302' title='bbox 932 3849 977 3914; x_wconf 85' lang='lat' dir='ltr'><strong>sit</strong></span> <span class='ocrx_word' id='word_1_303' title='bbox 998 3847 1144 3918; x_wconf 89' lang='lat' dir='ltr'><strong>anobis</strong></span> <span class='ocrx_word' id='word_1_304' title='bbox 1149 3841 1325 3941; x_wconf 31' lang='lat' dir='ltr'><strong>principio*</strong></span> <span class='ocrx_word' id='word_1_305' title='bbox 1410 3877 1411 3916; x_wconf 66' lang='grc' dir='ltr'><strong>ι</strong></span> 
     </span>
     <span class='ocr_line' id='line_1_36' title="bbox 240 3941 1411 4038; baseline 0.005 -24"><span class='ocrx_word' id='word_1_306' title='bbox 240 3945 475 4026; x_wconf 86' lang='lat' dir='ltr'><strong>constitutum,</strong></span> <span class='ocrx_word' id='word_1_307' title='bbox 498 3961 572 4009; x_wconf 88' lang='lat' dir='ltr'><strong>eam</strong></span> <span class='ocrx_word' id='word_1_308' title='bbox 588 3947 624 4009; x_wconf 89' lang='lat' dir='ltr'><strong>iu</strong></span> <span class='ocrx_word' id='word_1_309' title='bbox 638 3947 772 4036; x_wconf 88' lang='lat' dir='ltr'><strong>publica</strong></span> <span class='ocrx_word' id='word_1_310' title='bbox 796 3951 960 4038; x_wconf 86' lang='lat' dir='ltr'><strong>opinione</strong></span> <span class='ocrx_word' id='word_1_311' title='bbox 975 3941 1173 4030; x_wconf 83' lang='lat' dir='ltr'><strong>consistere.</strong></span> <span class='ocrx_word' id='word_1_312' title='bbox 1202 3951 1322 4019; x_wconf 88' lang='lat' dir='ltr'><strong>Aliter</strong></span> <span class='ocrx_word' id='word_1_313' title='bbox 1410 3989 1411 4008; x_wconf 59' lang='grc' dir='ltr'><strong>ι</strong></span> 
     </span>
     <span class='ocr_line' id='line_1_37' title="bbox 201 4039 1411 4139; baseline 0.007 -23"><span class='ocrx_word' id='word_1_314' title='bbox 201 4093 202 4100; x_wconf 42' lang='grc' dir='ltr'><strong>ι</strong></span> <span class='ocrx_word' id='word_1_315' title='bbox 239 4052 350 4118; x_wconf 86' lang='lat' dir='ltr'><strong>enirn</strong></span> <span class='ocrx_word' id='word_1_316' title='bbox 361 4046 543 4136; x_wconf 84' lang='lat' dir='ltr'><strong>Socratem</strong></span> <span class='ocrx_word' id='word_1_317' title='bbox 575 4044 762 4132; x_wconf 87' lang='lat' dir='ltr'><strong>gloriosum</strong></span> <span class='ocrx_word' id='word_1_318' title='bbox 790 4050 1053 4139; x_wconf 87' lang='lat' dir='ltr'><strong>appellaremus,</strong></span> <span class='ocrx_word' id='word_1_319' title='bbox 1090 4040 1346 4123; x_wconf 64' lang='lat' dir='ltr'><strong>Alexandrum.v</strong></span> <span class='ocrx_word' id='word_1_320' title='bbox 1410 4039 1411 4124; x_wconf 60' lang='grc' dir='ltr'><strong>ι</strong></span> 
     </span>
     <span class='ocr_line' id='line_1_38' title="bbox 237 4144 1320 4238; baseline 0.004 -25"><span class='ocrx_word' id='word_1_321' title='bbox 237 4171 324 4216; x_wconf 89' lang='lat' dir='ltr'><strong>uero</strong></span> <span class='ocrx_word' id='word_1_322' title='bbox 347 4144 475 4234; x_wconf 86' lang='lat' dir='ltr'><strong>gloriae</strong></span> <span class='ocrx_word' id='word_1_323' title='bbox 497 4161 782 4235; x_wconf 88' lang='lat' dir='ltr'><strong>contemptorem.</strong></span> <span class='ocrx_word' id='word_1_324' title='bbox 805 4172 951 4238; x_wconf 87' lang='lat' dir='ltr'><strong>quorum</strong></span> <span class='ocrx_word' id='word_1_325' title='bbox 973 4150 1080 4219; x_wconf 87' lang='lat' dir='ltr'><strong>alter</strong></span> <span class='ocrx_word' id='word_1_326' title='bbox 1074 4151 1320 4221; x_wconf 86' lang='lat' dir='ltr'><strong>omneshomi·</strong></span> 
     </span>
     <span class='ocr_line' id='line_1_39' title="bbox 172 4249 1411 4352; baseline -0.001 -33"><span class='ocrx_word' id='word_1_327' title='bbox 172 4335 174 4342; x_wconf 18' lang='lat' dir='ltr'>s</span> <span class='ocrx_word' id='word_1_328' title='bbox 236 4272 321 4352; x_wconf 87' lang='lat' dir='ltr'><strong>num</strong></span> <span class='ocrx_word' id='word_1_329' title='bbox 340 4262 495 4314; x_wconf 85' lang='lat' dir='ltr'><strong>rumores</strong></span> <span class='ocrx_word' id='word_1_330' title='bbox 515 4249 758 4347; x_wconf 81' lang='lat' dir='ltr'><strong>aucupabatur,</strong></span> <span class='ocrx_word' id='word_1_331' title='bbox 779 4263 815 4320; x_wconf 89' lang='lat' dir='ltr'><strong>et</strong></span> <span class='ocrx_word' id='word_1_332' title='bbox 835 4273 913 4322; x_wconf 87' lang='lat' dir='ltr'><strong>cum</strong></span> <span class='ocrx_word' id='word_1_333' title='bbox 926 4249 1151 4341; x_wconf 83' lang='lat' dir='ltr'><strong>magnabella</strong></span> <span class='ocrx_word' id='word_1_334' title='bbox 1165 4253 1317 4340; x_wconf 86' lang='lat' dir='ltr'><strong>suscipe·</strong></span> <span class='ocrx_word' id='word_1_335' title='bbox 1410 4251 1411 4336; x_wconf 71' lang='lat' dir='ltr'><strong>l</strong></span> 
     </span>
    </p>
   </div>
   <div class='ocr_carea' id='block_1_22' title="bbox 0 0 1434 4740">
    <p class='ocr_par' dir='ltr' id='par_1_22' title="bbox 0 0 1434 4740">
     <span class='ocr_line' id='line_1_40' title="bbox 0 0 1434 4740; baseline 0 3"><span class='ocrx_word' id='word_1_336' title='bbox 0 0 1434 4740; x_wconf 95' lang='lat' dir='ltr'><strong> </strong></span> 
     </span>
    </p>
   </div>
  </div>
 </body>
</html>
