2860 4740
150 205 227 350 ,1¹
347 261 351 275 ¹
435 199 980 373 t1ueaen1uu8.'‘
1033 257 1213 360 ,vus

124 431 307 520 tardiotum
332 441 422 526 mie?
477 438 652 513 Infinitum
677 455 786 524 esset,
818 441 848 508 si
852 413 1004 508 uellem
1032 445 1211 560 persequi,

124 573 248 654 quam
247 545 351 615 luerit
372 553 518 634 semper
526 541 620 634 uulgi
633 542 806 609 temeritas
823 541 966 632 optimis
977 541 1057 608 uiris
1073 542 1211 646 infesta
1285 596 1288 610 .

55 661 63 681 ⁸
122 632 253 720 Nescid
279 649 369 738 enim
392 642 601 761 quomodo,
627 628 764 730 semper
778 641 936 707 h‘omines
954 645 1069 760 apimo
1087 639 1282 736 magno

121 727 406 840 splendidoque
395 745 533 836 ingenio
552 741 716 832 praediti,
735 739 866 830 populo
885 745 1035 834 suspecti
1057 761 1108 812 et
1104 745 1264 844 Qinuisi,
1277 799 1297 832 ι,

122 847 230 918 luere.
283 847 445 962 Quampis
470 845 579 936 igitur
601 844 813 957 necessitate
832 841 1007 930 compulsa
1030 836 1239 916 multitudo
1328 870 1333 880 ·

123 969 249 1017 omnes
266 946 407 1044 imperii
431 945 515 1033 opep
539 941 589 1012 ad
608 921 761 1032 egregios
785 939 877 1006 uiros
898 932 1045 1008 deierat:
1070 943 1130 1010 ubi
1144 949 1215 1036 pri

91 1034 233 1116 ¹mum
230 1067 360 1112 eorum
385 1046 533 1119 uirtute
529 1041 637 1109 fucrit
661 1039 830 1130 singulare
851 1037 991 1139 aliquod
1011 1041 1215 1118 beneficium
1269 1057 1274 1070 ¹
1376 1115 1398 1125 ,,

91 1162 330 1228 ¹consecuta,
358 1143 522 1234 extinguit
545 1143 711 1217 continuo
733 1137 905 1208 beneficii·
902 1143 1112 1209 memoriam
1127 1147 1225 1212 inni
1274 1159 1281 1176 ‘
1364 1235 1368 1244 .

49 1253 54 1261 '
127 1248 206 1322 diae
232 1243 441 1361 magnitudo
489 1242 569 1312 Et
558 1258 607 1308 ιιι
630 1239 687 1324 fit,
712 1255 753 1308 ut
778 1262 856 1324 eos,
882 1263 1040 1332 quorum
1050 1264 1156 1334 opera
1180 1263 1216 1314 et
1243 1281 1262 1308 ι.

75 1345 86 1374 ·“
127 1347 271 1432 copsilio
295 1347 441 1438 patriam
474 1358 578 1436 atque
609 1339 765 1408 fortunas
797 1342 940 1422 retinet,
982 1357 1017 1408 et
1043 1345 1154 1431 patria
1180 1362 1216 1415 et
1235 1335 1239 1356 '
1260 1345 1268 1406 ἶ
1299 1412 1301 1420 ,
1387 1335 1407 1412 s

127 1437 281 1528 fortunis
299 1442 464 1512 omnibus
485 1440 662 1520 extrudam
698 1456 733 1506 et
762 1433 847 1506 illis
860 1445 994 1530 pe'stem
1017 1440 1161 1542 inferat,
1194 1469 1215 1514 a

128 1546 250 1646 quibus
284 1559 489 1624 conseruata
515 1558 576 1616 est
642 1541 730 1634 Cum
764 1537 865 1631 igitui
890 1539 1043 1625 conste't,
1077 1534 1216 1611 omnem

125 1641 296 1742 populum
317 1659 405 1714 asse
413 1655 583 1710 amentem
601 1657 636 1708 et
652 1641 831 1730 inglatum,
856 1593 1231 1736 ιιιιιιιιιιιιιιιιιοιιιειιιὶ·
1305 1693 1309 1706 .
1412 1647 1413 1656 ’

86 1671 190 1835 p'bus
215 1744 429 1812 adstrictnms
456 1740 539 1834 quid
562 1740 703 1809 tandem
722 1737 868 1806 laudaro
887 1741 1035 1829 poterit,
1061 1729 1178 1838 quod
1171 1744 1217 1816 sit
1250 1790 1255 1804 ι
1281 1767 1303 1798 -·

128 1867 257 1915 auena
280 1846 405 1912 uirtute
431 1857 467 1910 et
490 1841 671 1910 honestate
691 1833 915 1930 profectum?
1011 1872 1015 1892 ι
1116 1872 1119 1882 2
1223 1875 1226 1882 »

250 1987 319 2061 Ηίο
344 2011 412 2085 ego
434 1989 674 2082 interpellans,
702 1982 734 2056 Ο
759 1983 944 2073 hominem,
969 1989 1141 2082 inquam,
1153 1995 1217 2064 mi-

113 2088 222 2164 'nime
245 2081 465 2184 popularem!
521 2093 581 2158 Sic
606 2083 698 2156 enim
724 2089 858 2156 acriter
872 2090 910 2156 in
937 2112 1072 2158 causam
1105 2089 1237 2185 plebis,

127 2198 283 2262 inuectus
310 2205 356 2276 es,
381 2207 421 2257 ut
441 2183 544 2260 ualde
567 2185 755 2258 uerendum
780 2183 834 2274 sit,
858 2179 1009 2281 nequid
1025 2185 1105 2257 hinc
1123 2207 1216 2259 etna·
1266 2261 1269 2268 ,
1300 2187 1330 2236 ·’

129 2302 208 2376 net',
248 2289 383 2382 quod
373 2313 411 2356 ιιι
442 2307 480 2364 ,ιιι
512 2279 622 2381 plebis
649 2283 794 2355 animos.
806 2282 1012 2357 accendat.
1043 2293 1217 2380 Quantum
1318 2307 1322 2315 ’

130 2395 222 2460 enim
254 2385 377 2472 md'eo,
416 2382 467 2456 sio
497 2391 693 2456 uniuersum
724 2385 891 2478 populum
922 2379 1150 2477 imprdbitatis
1182 2407 1219 2461 et
1288 2462 1314 2482 ,Ι

129 2493 318 2561 amentiae
339 2488 564 2574 condemnas,
602 2503 642 2558 ut
679 2488 859 2603 neminem
885 2509 906 2554 a
936 2501 1036 2556 tanto
1072 2490 1217 2559 humero

130 2593 290 2684 excipias.

144 2815 148 2825 ¹
253 2738 435 2808 Neminem
461 2741 572 2826 cetae,
595 2686 708 2838 inquit
730 2727 799 2802 ille.
841 2731 933 2803 ‘Non
956 2738 1072 2805 lamen
1094 2705 1217 2809 uellem

16 2839 19 2860 “
130 2827 316 2938 existimes,
341 2857 489 2908 metam
516 2841 626 2920 ce'nsu
647 2852 682 2904 ct
705 2825 941 2922 facultatibus,
967 2857 1068 2934 quam
1092 2843 1217 2915 uirtute

131 2943 167 3010 et
179 2925 357 3006 industria
381 2954 531 3012 summos
549 2940 642 3005 uiros
671 2959 689 3003 a
689 2933 812 3026 uulgo
835 2951 1040 3006 secernere..-
1076 2937 1108 3008 ls
1126 2944 1215 3008 enim

130 3063 223 3126 sum,
249 3042 332 3131 qui
329 3061 451 3124 omues
472 3027 630 3106 homines
649 3037 790 3127 ingenio
808 3052 1037 3126 praestantes,
1064 3056 1098 3107 et
1113 3044 1217 3107 animi
1282 3031 1290 3054 ⁸

128 3141 183 3210 sui
207 3156 319 3206 motus
344 3157 464 3207 rectae
482 3139 625 3205 rationis
650 3135 795 3225 imperio
819 3133 1014 3218 sedantes,
1022 3155 1058 3216 ct,
1077 3161 1216 3224 ompem
1261 3183 1265 3190 .
1327 3109 1361 3150 '¹

83 3279 88 3294 ι
118 3235 245 3308 'curam
272 3255 308 3308 et
332 3241 574 3330 cogitationem
596 3235 640 3301 ed
656 3257 878 3302 communem
896 3235 1074 3304 utilitatem
1096 3239 1216 3306 confe-
1221 3243 1225 3266 '
1248 3249 1266 3320 ¹,

129 3355 262 3422 rentes,
291 3341 472 3432 quamuis
461 3359 585 3426 inopes
601 3337 669 3418 sint
692 3349 727 3401 et
745 3331 911 3400 obscuris
913 3335 1119 3427 parentibus
1137 3341 1215 3422 orti,

110 3441 168 3527 ,in
180 3423 378 3528 Principum
394 3458 537 3504 numero
553 3413 734 3502 habendos
751 3456 918 3500 censeam.
970 3434 1101 3501 Contra
1104 3459 1216 3522 uero,
1245 3457 1248 3462 ·
1284 3511 1287 3524 1

129 3539 192 3629 qui
214 3537 363 3604 hebeti
352 3541 491 3634 ingenio
511 3551 606 3617 sunt,
634 3551 670 3601 et
684 3533 840 3622 languori
858 3513 1079 3624 desidiaeque
1097 3533 1215 3622 dediti,
1239 3533 1261 3624 ’ζ

85 3689 89 3697 .
129 3635 298 3725 improbis
324 3625 563 3726 cupiditatibus
589 3633 863 3722 obtemperant,
879 3647 914 3698 et
929 3631 1103 3724 publicam
1127 3635 1216 3704 salu-

129 3751 203 3806 tem
227 3731 452 3824 negligentes,
495 3734 609 3800 omnia
641 3732 796 3798 referunt
831 3730 875 3796 ad
892 3751 1002 3796 suam
1027 3721 1227 3824 utilitatem,

131 3834 288 3932 quamuis
312 3836 349 3898 in
374 3835 577 3926 amplissima
602 3831 728 3902 familia
752 3832 825 3897 nati
841 3831 925 3913 sint,
952 3846 1057 3898 atres
1077 3842 1216 3926 uiagnss
1286 3827 1305 3902 ⁵.

132 3934 386 4038 administrent,
419 3933 573 4024 plebeios
599 3934 764 4024 existimo.
820 3928 906 3998 Non
931 3933 1039 4017 enim,
1072 3943 1216 4033 quaptas'
1249 3931 1254 3997 Ῐ
1301 3967 1309 3982 -
1346 3953 1352 3962 ·

132 4051 219 4126 opes
247 4032 413 4117 habeant,
447 4012 734 4100 considerandum
759 4043 827 4114 est,
859 4027 950 4097 sed
943 4038 1101 4122 quantis
1121 4034 1217 4124 digni

131 4134 212 4204 sint.
261 4132 318 4201 An
341 4147 381 4200 tu
403 4132 497 4216 illos,
522 4133 698 4250 Principes
725 4144 773 4200 et?
785 4133 965 4222 optimates
990 4132 1215 4227 appellandos

114 4224 318 4332 'existimes,
351 4237 411 4329 qui
419 4231 568 4312 libidini
593 4225 777 4320 seruiunt,
797 4247 833 4299 et
855 4232 1012 4323 potentia
1033 4231 1233 4305 abutuntut¹
