2860 4732
218 255 282 340 ras
356 270 367 339 ,·
518 251 986 331 η’,ηηιοιιιι
1021 269 1029 330 2

57 451 66 520 ss
110 503 112 510 Α
162 503 168 521 Ι
213 429 277 502 iad
302 427 429 526 imore
464 426 584 497 diuino
617 387 874 515 proferuntur·
882 429 943 494 us
977 429 1101 496 mirum
1132 449 1210 496 non
1237 443 1305 510 est,

91 531 95 548 '
126 569 130 582 ι
213 547 334 614 ηἀιιιι
353 553 422 598 ιιοιι
443 522 587 598 mislturn
608 527 759 606 moltis
748 551 787 596 ιιι
806 528 900 596 locis
927 552 949 598 a
969 533 1083 635 poetis
1099 531 1304 600 dissidentia

187 641 190 646 '
213 631 353 738 auberius
374 635 549 702 Musarum
568 630 719 724 quodam
742 629 857 701 afflatu
877 632 994 751 fundi,
1017 655 1119 726 quum
1140 634 1303 706 diuturna

214 740 505 822 commentatione
526 737 662 866 contexi
673 736 941 823 potuissent.

287 891 375 958 Si
396 889 530 973 haec,
519 889 632 979 inquit
653 887 880 974 Augustinus,
901 886 978 954 loci'
989 903 1111 958 natura
1124 902 1209 976 est,
1232 883 1301 956 huc
1357 911 1359 917 ·

164 1024 166 1034 ·
211 975 313 1090 :iobis
335 995 469 1080 saepius
490 989 700 1079 ueniendum
725 1009 869 1070 censeo,
899 1004 938 1056 ut
959 1005 1029 1058 tam
1050 937 1209 1056 iucundrl
1222 960 1302 1050 Mu·⁸

192 1095 347 1182 ,s‘arurn
346 1093 594 1164 consuetudine
615 1070 785 1178 fruamur3
809 1073 1020 1186 illerumque
1043 1093 1184 1158 numine
1206 1111 1301 1158 cour-
1306 1093 1310 1102 '

171 1279 183 1304 x
210 1195 355 1290 plati,
344 1224 380 1264 ιιι
407 1186 458 1262 hia
479 1195 597 1262 saltem
627 1179 764 1260 sedilios
786 1190 931 1288 floridis
946 1210 980 1259 et
1010 1195 1211 1279 amoenis,
1209 1193 1301 1258 inter

153 1363 159 1374 .
209 1295 270 1372 lias
292 1300 402 1392 ulmos
423 1319 493 1369 tam
515 1300 583 1365 suis
597 1293 803 1378 frondibus,
836 1320 938 1388 quam
969 1297 1137 1364 adiunctis
1169 1281 1298 1388 uit-ibus

154 1403 173 1416 ”
208 1405 322 1474 t'o'tum
351 1407 442 1470 hunc
473 1391 609 1468 locum
619 1416 835 1511 opacautes,
861 1399 979 1466 diserti
1014 1422 1088 1464 esse
1116 1399 1299 1489 possimus.

100 1536 104 1547 ¹
147 1563 150 1570 .
208 1505 323 1576 'Iibi
311 1509 457 1602 igitur
437 1521 558 1571 auctor
574 1501 671 1584 suin,
705 1517 745 1566 ut
766 1502 831 1566 hac
854 1517 947 1568 tanta
970 1496 1038 1566 loci
1050 1502 1298 1597 oportunitate

209 1611 422 1698 admonitus,
445 1630 504 1691 ea,
527 1628 616 1697 quae
638 1607 784 1686 restant,
807 1598 967 1669 alacrius
965 1626 1191 1694 persequare
1257 1609 1261 1632 ¹

219 1803 225 1814 ·
333 1779 486 1857 Faciam,
513 1775 688 1864 inquens«
705 1785 809 1860 atque
837 1769 881 1835 da
902 1773 1033 1836 lustitia
1062 1755 1204 1860 quidem
1222 1786 1299 1836 non

39 1883 41 1890 ’
147 1855 166 1932 '‚
208 1901 276 1965 est,
309 1879 403 1972 quod
427 1874 608 1968 amplius
596 1893 634 1939 ιιι
656 1877 848 1960 praesentia
871 1873 1044 1938 disseram.
1087 1875 1175 1939 Cum
1206 1873 1298 1936 enirn

205 2007 327 2054 uarum
350 1983 454 2048 decus
474 1971 577 2044 simin
598 1976 738 2076 maxima
763 1977 892 2040 uirtute
912 1976 1080 2062 positum,
1109 1996 1199 2068 quae
1219 1977 1300 2062 qui·-

101 2077 107 2089 ’
138 2075 163 2104 ”
206 2087 285 2156 darn
312 2085 499 2152 illustratur
530 2079 661 2166 magnis
690 2068 727 2140 in
748 2061 869 2166 Rernp.
896 2080 1044 2162 meritia3
1080 2091 1294 2166 constetque,

94 2191 96 2204 ¹
147 2192 151 2203 '
204 2189 289 2262 nihil
314 2207 393 2255 esse
420 2185 550 2251 iustitia
579 2175 869 2266 magnificentius,
908 2195 981 2246 aut
995 2181 1173 2247 hominurn
1201 2185 1296 2249 uitae

146 2353 148 2365 ,
204 2295 399 2362 salutarium
430 2286 513 2380 quid
536 2299 595 2350 est
609 2283 714 2371 mpgis
734 2275 971 2392 perspicuum,
1001 2304 1102 2373 quam
1124 2307 1315 2352 summurn.

136 2405 142 2422 '
193 2393 240 2466 et
261 2393 428 2464 excellens
450 2389 555 2455 decus
577 2385 728 2450 iustitiae
751 2403 893 2447 munere
907 2381 1109 2452 contineri?
1138 2388 1294 2470 menime,

74 2563 78 2576 .
169 2555 172 2564 ι
204 2527 280 2570 cum
302 2481 397 2566 nulla
423 2493 527 2559 animi
555 2499 595 2554 et
610 2505 741 2574 ungenti
768 2473 918 2550 indoles
932 2490 1086 2574 egregie,
1122 2490 1295 2555 aiustim

137 2615 141 2628 “
202 2611 366 2691 seiuncta,
389 2602 497 2700 possit
518 2593 710 2684 aliquam
672 2577 813 2655 habere
831 2588 1057 2678 dignitatem?
1087 2591 1186 2680 Quae
1202 2595 1294 2658 enirn

200 2711 327 2802 iniusta
349 2714 448 2777 sunt,
483 2695 639 2788 quamuis
661 2692 730 2756 siut
751 2674 980 2778 admirabilia,
1007 2708 1088 2762 suut
1110 2695 1234 2762 odiosa
1253 2709 1295 2764 et

201 2791 331 2891 inuisa,
352 2815 588 2896 perpetuaque
606 2793 753 2884 flagrant
772 2793 938 2903 infamia.
1011 2807 1013 2810 ’

325 2982 510 3072 V.Quod
546 2977 726 3072 quidem
716 2999 753 3044 ιιι
789 2981 892 3044 animi
927 2981 1162 3072 magnitudine
1190 2983 1293 3051 facile

201 3093 368 3166 cernitun
414 3085 522 3151 Recte
549 3097 589 3147 tu
612 3076 768 3170 quidem,
804 3081 968 3148 uirtutem
998 3089 1233 3182 atemeritate
1256 3106 1294 3158 et

132 3245 133 3252 ι
201 3181 347 3296 andacia
366 3187 562 3268 distinxisti,
586 3205 662 3250 cum
680 3180 827 3268 diceres,
850 3206 923 3250 non
943 3207 1079 3252 omnem
1097 3191 1200 3255 animi
1222 3189 1293 3256 ala-

98 3355 102 3366 ,
171 3284 354 3372 -critatem
378 3297 413 3360 in
435 3287 655 3378 fortitudinis
668 3287 850 3372 rationem
859 3287 1002 3375 caderiq
1033 3289 1095 3356 sed
1117 3315 1192 3358 eam
1213 3309 1293 3364 tan-

189 3425 293 3488 ·turrr,
326 3423 421 3494 quae
435 3397 575 3464 rationis
596 3394 778 3484 imperium
807 3393 981 3484 sequitui,
1015 3407 1050 3460 et
1072 3417 1135 3483 pro
1159 3394 1292 3465 iustitia
1394 3423 1398 3432 ·

200 3525 304 3600 atque
319 3523 492 3572 commum
483 3497 654 3564 utilitate
669 3512 810 3602 pugnat.
847 3495 917 3584 Qui
933 3497 1021 3561 enim
1038 3499 1170 3587 impetu
1185 3522 1292 3578 caeco

199 3624 237 3698 et
256 3601 511 3672 inconsiderato
544 3595 735 3667 concitatus
764 3595 867 3664 manu
896 3598 974 3662 curn
1003 3597 1103 3664 hoste
1111 3601 1321 3720 confligit,

200 3731 277 3776 eum
301 3703 394 3770 nullo
418 3700 523 3767 modo
545 3701 691 3784 sortem,
723 3701 801 3768 sed
806 3703 1024 3768 temerarium
1052 3718 1087 3770 et
1108 3705 1292 3770 immanem

198 3805 360 3899 appellari
378 3804 556 3870 conuenit.
603 3801 699 3869 Ille
688 3805 793 3894 igitur
818 3817 971 3881 tantum,
1004 3819 1044 3871 ut
1073 3805 1158 3890 dixi,
1191 3807 1292 3874 fortis

163 3907 172 3923 ’
199 3926 269 3990 est,
305 3910 365 3998 qui
392 3885 519 3972 rationi
547 3923 681 3994 parcns
706 3903 837 3971 nullum
866 3907 1056 4001 perieulum
1085 3931 1151 3997 pro
1179 3903 1289 3976 salute
1338 3885 1347 3898 ἱ

158 4065 162 4077 ,
198 4011 372 4080 communi
394 4021 541 4104 recusat.
593 4005 663 4094 Qui
685 4023 800 4073 autem
822 4008 890 4074 hoc
913 4011 1028 4075 animo
1052 4023 1121 4090 est,
1150 4010 1288 4096 egregia

100 4105 132 4122 ''
193 4110 299 4177 laude
318 4123 436 4176 carere
458 4129 531 4176 non
551 4114 690 4206 poterit.
720 4112 864 4184 Omnes
888 4115 977 4180 enirn
1000 4109 1162 4178 mortales
1180 4111 1292 4182 adrni-

194 4212 507 4301 rantucinuictum
525 4212 633 4280 robur
653 4214 774 4298 animi,
796 4213 927 4283 nemini
947 4213 1110 4296 cadentis,
1131 4210 1218 4278 nulli
1238 4209 1289 4279 la·
