<?xml version="1.0" encoding="UTF-8"?>
<!DOCTYPE html PUBLIC "-//W3C//DTD XHTML 1.0 Transitional//EN"
    "http://www.w3.org/TR/xhtml1/DTD/xhtml1-transitional.dtd">
<html xmlns="http://www.w3.org/1999/xhtml" xml:lang="en" lang="en">
 <head>
  <title>
</title>
<meta http-equiv="Content-Type" content="text/html;charset=utf-8" />
  <meta name='ocr-system' content='tesseract 3.04.00' />
  <meta name='ocr-capabilities' content='ocr_page ocr_carea ocr_par ocr_line ocrx_word'/>
</head>
<body>
  <div class='ocr_page' id='page_1' title='image "./hieronymiosorii00sarpgoog_0063.png"; bbox 0 0 2860 4740; ppageno 0'>
   <div class='ocr_carea' id='block_1_1' title="bbox 58 183 1053 344">
    <p class='ocr_par' dir='ltr' id='par_1_1' title="bbox 58 183 1053 344">
     <span class='ocr_line' id='line_1_1' title="bbox 58 183 1053 344; baseline -0.003 -45"><span class='ocrx_word' id='word_1_1' title='bbox 58 185 263 344; x_wconf 36' lang='grc' dir='ltr'>’,ιι</span> <span class='ocrx_word' id='word_1_2' title='bbox 428 183 483 194; x_wconf 64' lang='grc'>”</span> <span class='ocrx_word' id='word_1_3' title='bbox 581 217 942 326; x_wconf 77' lang='lat' dir='ltr'>nnotottra</span> <span class='ocrx_word' id='word_1_4' title='bbox 1039 211 1053 280; x_wconf 86' lang='lat'>·.</span> 
     </span>
    </p>
   </div>
   <div class='ocr_carea' id='block_1_2' title="bbox 217 377 1309 488">
    <p class='ocr_par' dir='ltr' id='par_1_2' title="bbox 217 377 1309 488">
     <span class='ocr_line' id='line_1_2' title="bbox 217 377 1309 488; baseline 0.004 -24"><span class='ocrx_word' id='word_1_5' title='bbox 217 395 329 466; x_wconf 85' lang='lat' dir='ltr'>multa</span> <span class='ocrx_word' id='word_1_6' title='bbox 344 403 504 488; x_wconf 82' lang='lat' dir='ltr'>grauiora</span> <span class='ocrx_word' id='word_1_7' title='bbox 516 381 612 464; x_wconf 65' lang='lat' dir='ltr'>‘mala</span> <span class='ocrx_word' id='word_1_8' title='bbox 639 377 784 488; x_wconf 85' lang='lat' dir='ltr'>possunt</span> <span class='ocrx_word' id='word_1_9' title='bbox 805 399 935 468; x_wconf 91' lang='lat' dir='ltr'>ciuibus</span> <span class='ocrx_word' id='word_1_10' title='bbox 966 403 1034 468; x_wconf 86' lang='lat' dir='ltr'>suis</span> <span class='ocrx_word' id='word_1_11' title='bbox 1057 397 1233 468; x_wconf 72' lang='lat' dir='ltr'>excellenti</span> <span class='ocrx_word' id='word_1_12' title='bbox 1254 405 1309 468; x_wconf 92' lang='grc' dir='ltr'>ιιι-</span> 
     </span>
    </p>
   </div>
   <div class='ocr_carea' id='block_1_3' title="bbox 63 493 1309 592">
    <p class='ocr_par' dir='ltr' id='par_1_3' title="bbox 63 493 1309 592">
     <span class='ocr_line' id='line_1_3' title="bbox 63 493 1309 592; baseline 0 -24"><span class='ocrx_word' id='word_1_13' title='bbox 63 493 69 506; x_wconf 80' lang='lat'>&#39;</span> <span class='ocrx_word' id='word_1_14' title='bbox 118 511 146 537; x_wconf 62' lang='lat'><strong>⁵</strong></span> <span class='ocrx_word' id='word_1_15' title='bbox 219 501 346 568; x_wconf 76' lang='lat' dir='ltr'>dustria</span> <span class='ocrx_word' id='word_1_16' title='bbox 366 501 560 572; x_wconf 81' lang='lat' dir='ltr'>machinari.</span> <span class='ocrx_word' id='word_1_17' title='bbox 607 501 786 568; x_wconf 88' lang='lat' dir='ltr'>Praestans</span> <span class='ocrx_word' id='word_1_18' title='bbox 810 509 901 570; x_wconf 86' lang='lat' dir='ltr'>enim</span> <span class='ocrx_word' id='word_1_19' title='bbox 922 514 1064 573; x_wconf 85' lang='lat' dir='ltr'>naturae</span> <span class='ocrx_word' id='word_1_20' title='bbox 1085 509 1137 568; x_wconf 90' lang='lat' dir='ltr'>uis</span> <span class='ocrx_word' id='word_1_21' title='bbox 1162 497 1309 592; x_wconf 82' lang='lat' dir='ltr'>perinde</span> 
     </span>
    </p>
   </div>
   <div class='ocr_carea' id='block_1_4' title="bbox 131 602 1309 900">
    <p class='ocr_par' dir='ltr' id='par_1_4' title="bbox 131 602 1308 900">
     <span class='ocr_line' id='line_1_4' title="bbox 218 602 1308 702; baseline 0.002 -34"><span class='ocrx_word' id='word_1_22' title='bbox 218 615 270 669; x_wconf 88' lang='lat' dir='ltr'>est</span> <span class='ocrx_word' id='word_1_23' title='bbox 277 615 412 694; x_wconf 88' lang='lat' dir='ltr'>,atque</span> <span class='ocrx_word' id='word_1_24' title='bbox 433 617 512 670; x_wconf 90' lang='lat' dir='ltr'>sunt</span> <span class='ocrx_word' id='word_1_25' title='bbox 534 609 558 669; x_wconf 94' lang='lat' dir='ltr'>ii</span> <span class='ocrx_word' id='word_1_26' title='bbox 578 625 693 670; x_wconf 86' lang='lat' dir='ltr'>mores</span> <span class='ocrx_word' id='word_1_27' title='bbox 716 615 751 669; x_wconf 89' lang='lat' dir='ltr'>et</span> <span class='ocrx_word' id='word_1_28' title='bbox 768 602 987 702; x_wconf 80' lang='lat' dir='ltr'>disciplinae,</span> <span class='ocrx_word' id='word_1_29' title='bbox 1003 604 1171 698; x_wconf 87' lang='lat' dir='ltr'>quibus</span> <span class='ocrx_word' id='word_1_30' title='bbox 1141 603 1308 672; x_wconf 86' lang='lat' dir='ltr'>informa-</span> 
     </span>
     <span class='ocr_line' id='line_1_5' title="bbox 217 701 1309 794; baseline 0.002 -24"><span class='ocrx_word' id='word_1_31' title='bbox 217 718 284 776; x_wconf 85' lang='lat' dir='ltr'>tur.</span> <span class='ocrx_word' id='word_1_32' title='bbox 327 705 373 773; x_wconf 88' lang='lat' dir='ltr'>Vt</span> <span class='ocrx_word' id='word_1_33' title='bbox 401 712 491 773; x_wconf 89' lang='lat' dir='ltr'>enim</span> <span class='ocrx_word' id='word_1_34' title='bbox 517 703 600 773; x_wconf 88' lang='lat' dir='ltr'><strong>nihil</strong></span> <span class='ocrx_word' id='word_1_35' title='bbox 629 715 681 772; x_wconf 86' lang='lat' dir='ltr'>est</span> <span class='ocrx_word' id='word_1_36' title='bbox 699 701 797 792; x_wconf 88' lang='lat' dir='ltr'>Reip.</span> <span class='ocrx_word' id='word_1_37' title='bbox 820 703 1037 772; x_wconf 84' lang='lat' dir='ltr'>salutarius</span> <span class='ocrx_word' id='word_1_38' title='bbox 1026 711 1167 794; x_wconf 73' lang='lat' dir='ltr'>ingenio</span> <span class='ocrx_word' id='word_1_39' title='bbox 1196 704 1309 780; x_wconf 69' lang='lat' dir='ltr'>ertcel-</span> 
     </span>
     <span class='ocr_line' id='line_1_6' title="bbox 131 795 1307 900; baseline 0.003 -28"><span class='ocrx_word' id='word_1_40' title='bbox 131 867 142 884; x_wconf 69' lang='lat'>,</span> <span class='ocrx_word' id='word_1_41' title='bbox 216 801 327 884; x_wconf 77' lang='lat' dir='ltr'>lente,</span> <span class='ocrx_word' id='word_1_42' title='bbox 356 811 384 871; x_wconf 87' lang='lat' dir='ltr'>si</span> <span class='ocrx_word' id='word_1_43' title='bbox 406 795 671 874; x_wconf 77' lang='lat' dir='ltr'>brenthonestis</span> <span class='ocrx_word' id='word_1_44' title='bbox 694 805 830 890; x_wconf 81' lang='lat' dir='ltr'>artibus</span> <span class='ocrx_word' id='word_1_45' title='bbox 844 801 1029 877; x_wconf 79' lang='lat' dir='ltr'>excultumr</span> <span class='ocrx_word' id='word_1_46' title='bbox 1046 814 1095 874; x_wconf 88' lang='lat' dir='ltr'>ita</span> <span class='ocrx_word' id='word_1_47' title='bbox 1110 807 1192 874; x_wconf 86' lang='lat' dir='ltr'><strong>nihil</strong></span> <span class='ocrx_word' id='word_1_48' title='bbox 1206 810 1307 900; x_wconf 84' lang='lat' dir='ltr'>Reip.</span> 
     </span>
    </p>
   </div>
   <div class='ocr_carea' id='block_1_5' title="bbox 25 907 1306 1000">
    <p class='ocr_par' dir='ltr' id='par_1_5' title="bbox 25 907 1306 1000">
     <span class='ocr_line' id='line_1_7' title="bbox 25 907 1306 1000; baseline 0.009 -34"><span class='ocrx_word' id='word_1_49' title='bbox 25 909 27 917; x_wconf 90' lang='lat'>&#39;</span> <span class='ocrx_word' id='word_1_50' title='bbox 94 929 98 940; x_wconf 87' lang='lat'><strong>·</strong></span> <span class='ocrx_word' id='word_1_51' title='bbox 215 907 424 998; x_wconf 85' lang='lat' dir='ltr'>pestilentius</span> <span class='ocrx_word' id='word_1_52' title='bbox 447 933 522 975; x_wconf 87' lang='lat' dir='ltr'>esse</span> <span class='ocrx_word' id='word_1_53' title='bbox 538 919 652 1000; x_wconf 86' lang='lat' dir='ltr'>potest</span> <span class='ocrx_word' id='word_1_54' title='bbox 666 913 779 974; x_wconf 90' lang='lat' dir='ltr'>animo</span> <span class='ocrx_word' id='word_1_55' title='bbox 797 913 942 974; x_wconf 85' lang='lat' dir='ltr'>maximo</span> <span class='ocrx_word' id='word_1_56' title='bbox 956 911 1306 998; x_wconf 87' lang='lat' dir='ltr'>prauisopinionibus</span> 
     </span>
    </p>
   </div>
   <div class='ocr_carea' id='block_1_6' title="bbox 148 1002 1410 1308">
    <p class='ocr_par' dir='ltr' id='par_1_6' title="bbox 148 1002 1410 1308">
     <span class='ocr_line' id='line_1_8' title="bbox 215 1002 1410 1104; baseline 0.002 -26"><span class='ocrx_word' id='word_1_57' title='bbox 215 1014 359 1086; x_wconf 88' lang='lat' dir='ltr'>imbuto.</span> <span class='ocrx_word' id='word_1_58' title='bbox 400 1013 492 1100; x_wconf 88' lang='lat' dir='ltr'>Ergo</span> <span class='ocrx_word' id='word_1_59' title='bbox 516 1019 575 1102; x_wconf 91' lang='lat' dir='ltr'>qui</span> <span class='ocrx_word' id='word_1_60' title='bbox 594 1002 715 1102; x_wconf 89' lang='lat' dir='ltr'>populi</span> <span class='ocrx_word' id='word_1_61' title='bbox 730 1009 903 1104; x_wconf 68' lang='lat' dir='ltr'>leuitatem</span> <span class='ocrx_word' id='word_1_62' title='bbox 921 1011 1124 1096; x_wconf 81' lang='lat' dir='ltr'>intuebitur,</span> <span class='ocrx_word' id='word_1_63' title='bbox 1147 1035 1218 1102; x_wconf 91' lang='lat' dir='ltr'>quo</span> <span class='ocrx_word' id='word_1_64' title='bbox 1232 1037 1307 1080; x_wconf 88' lang='lat' dir='ltr'>ma·</span> <span class='ocrx_word' id='word_1_65' title='bbox 1409 1003 1410 1018; x_wconf 46' lang='lat'>¹</span> 
     </span>
     <span class='ocr_line' id='line_1_9' title="bbox 190 1111 1305 1202; baseline -0.002 -22"><span class='ocrx_word' id='word_1_66' title='bbox 190 1181 192 1195; x_wconf 56' lang='lat'>,</span> <span class='ocrx_word' id='word_1_67' title='bbox 215 1121 290 1186; x_wconf 86' lang='lat' dir='ltr'>iore</span> <span class='ocrx_word' id='word_1_68' title='bbox 311 1114 475 1182; x_wconf 84' lang='lat' dir='ltr'>industria</span> <span class='ocrx_word' id='word_1_69' title='bbox 496 1115 682 1196; x_wconf 83' lang='lat' dir='ltr'>fuerit,eo</span> <span class='ocrx_word' id='word_1_70' title='bbox 706 1118 770 1180; x_wconf 86' lang='lat' dir='ltr'>erit</span> <span class='ocrx_word' id='word_1_71' title='bbox 789 1119 1025 1202; x_wconf 68' lang='lat' dir='ltr'>perniciosior.</span> <span class='ocrx_word' id='word_1_72' title='bbox 1066 1111 1191 1202; x_wconf 90' lang='lat' dir='ltr'>Populi</span> <span class='ocrx_word' id='word_1_73' title='bbox 1212 1120 1305 1180; x_wconf 88' lang='lat' dir='ltr'>enim</span> 
     </span>
     <span class='ocr_line' id='line_1_10' title="bbox 148 1209 1305 1308; baseline 0.003 -26"><span class='ocrx_word' id='word_1_74' title='bbox 148 1281 153 1296; x_wconf 8' lang='grc' dir='ltr'>Ἴ,</span> <span class='ocrx_word' id='word_1_75' title='bbox 216 1209 392 1306; x_wconf 71' lang='lat' dir='ltr'>disciplina</span> <span class='ocrx_word' id='word_1_76' title='bbox 406 1217 614 1284; x_wconf 77' lang='lat' dir='ltr'>assuefactus</span> <span class='ocrx_word' id='word_1_77' title='bbox 633 1221 809 1306; x_wconf 86' lang='lat' dir='ltr'>ingenium</span> <span class='ocrx_word' id='word_1_78' title='bbox 828 1241 927 1284; x_wconf 88' lang='lat' dir='ltr'>suum</span> <span class='ocrx_word' id='word_1_79' title='bbox 937 1216 984 1284; x_wconf 90' lang='lat' dir='ltr'>ad</span> <span class='ocrx_word' id='word_1_80' title='bbox 1001 1240 1041 1285; x_wconf 86' lang='lat' dir='ltr'>ea</span> <span class='ocrx_word' id='word_1_81' title='bbox 1054 1217 1190 1308; x_wconf 86' lang='lat' dir='ltr'>flagitia,</span> <span class='ocrx_word' id='word_1_82' title='bbox 1213 1239 1305 1308; x_wconf 85' lang='lat' dir='ltr'>quae</span> 
     </span>
    </p>
   </div>
   <div class='ocr_carea' id='block_1_7' title="bbox 50 1315 1411 1414">
    <p class='ocr_par' dir='ltr' id='par_1_7' title="bbox 50 1315 1411 1414">
     <span class='ocr_line' id='line_1_11' title="bbox 50 1315 1411 1414; baseline -0.001 -28"><span class='ocrx_word' id='word_1_83' title='bbox 50 1381 59 1405; x_wconf 64' lang='lat'>,</span> <span class='ocrx_word' id='word_1_84' title='bbox 105 1319 108 1324; x_wconf 76' lang='grc'><strong>’</strong></span> <span class='ocrx_word' id='word_1_85' title='bbox 214 1319 346 1410; x_wconf 91' lang='lat' dir='ltr'>populo</span> <span class='ocrx_word' id='word_1_86' title='bbox 369 1319 466 1386; x_wconf 90' lang='lat' dir='ltr'>cordi</span> <span class='ocrx_word' id='word_1_87' title='bbox 494 1342 568 1386; x_wconf 89' lang='lat' dir='ltr'>esse</span> <span class='ocrx_word' id='word_1_88' title='bbox 590 1318 703 1402; x_wconf 88' lang='lat' dir='ltr'>uidet,</span> <span class='ocrx_word' id='word_1_89' title='bbox 739 1315 918 1406; x_wconf 79' lang='lat' dir='ltr'>diligenter</span> <span class='ocrx_word' id='word_1_90' title='bbox 944 1330 1102 1404; x_wconf 68' lang='lat' dir='ltr'>exacuetg</span> <span class='ocrx_word' id='word_1_91' title='bbox 1138 1330 1173 1386; x_wconf 85' lang='lat' dir='ltr'>et</span> <span class='ocrx_word' id='word_1_92' title='bbox 1199 1325 1237 1385; x_wconf 91' lang='lat' dir='ltr'>in</span> <span class='ocrx_word' id='word_1_93' title='bbox 1264 1325 1305 1384; x_wconf 88' lang='lat' dir='ltr'>iis</span> <span class='ocrx_word' id='word_1_94' title='bbox 1410 1375 1411 1414; x_wconf 29' lang='grc' dir='ltr'>ι</span> 
     </span>
    </p>
   </div>
   <div class='ocr_carea' id='block_1_8' title="bbox 144 1417 1306 1624">
    <p class='ocr_par' dir='ltr' id='par_1_8' title="bbox 144 1417 1306 1624">
     <span class='ocr_line' id='line_1_12' title="bbox 215 1417 1306 1516; baseline -0.02 -20.405"><span class='ocrx_word' id='word_1_95' title='bbox 215 1420 435 1494; x_wconf 79' lang='lat' dir='ltr'>conficiendis</span> <span class='ocrx_word' id='word_1_96' title='bbox 453 1427 544 1496; x_wconf 82' lang='lat' dir='ltr'>inter</span> <span class='ocrx_word' id='word_1_97' title='bbox 564 1441 684 1504; x_wconf 79' lang='lat' dir='ltr'>omnes</span> <span class='ocrx_word' id='word_1_98' title='bbox 706 1417 862 1505; x_wconf 75' lang='lat' dir='ltr'>excellet;</span> <span class='ocrx_word' id='word_1_99' title='bbox 883 1426 1069 1516; x_wconf 77' lang='lat' dir='ltr'>omniaque</span> <span class='ocrx_word' id='word_1_100' title='bbox 1084 1440 1217 1495; x_wconf 77' lang='lat' dir='ltr'>summo</span> <span class='ocrx_word' id='word_1_101' title='bbox 1233 1429 1306 1488; x_wconf 77' lang='lat' dir='ltr'>stu.</span> 
     </span>
     <span class='ocr_line' id='line_1_13' title="bbox 144 1519 1305 1624; baseline -0.016 -23"><span class='ocrx_word' id='word_1_102' title='bbox 144 1543 147 1550; x_wconf 88' lang='lat'>&#39;</span> <span class='ocrx_word' id='word_1_103' title='bbox 215 1521 274 1590; x_wconf 76' lang='lat' dir='ltr'>dio</span> <span class='ocrx_word' id='word_1_104' title='bbox 296 1521 496 1622; x_wconf 73' lang='lat' dir='ltr'>declinabit,</span> <span class='ocrx_word' id='word_1_105' title='bbox 519 1543 608 1612; x_wconf 86' lang='lat' dir='ltr'>quae</span> <span class='ocrx_word' id='word_1_106' title='bbox 620 1519 753 1624; x_wconf 86' lang='lat' dir='ltr'>populo</span> <span class='ocrx_word' id='word_1_107' title='bbox 768 1533 926 1610; x_wconf 83' lang='lat' dir='ltr'>suspecta</span> <span class='ocrx_word' id='word_1_108' title='bbox 942 1534 976 1591; x_wconf 86' lang='lat' dir='ltr'>et</span> <span class='ocrx_word' id='word_1_109' title='bbox 987 1527 1097 1589; x_wconf 86' lang='lat' dir='ltr'>inuisa</span> <span class='ocrx_word' id='word_1_110' title='bbox 1112 1526 1305 1620; x_wconf 79' lang='lat' dir='ltr'>cognoscit·</span> 
     </span>
    </p>
   </div>
   <div class='ocr_carea' id='block_1_9' title="bbox 191 1679 1412 1918">
    <p class='ocr_par' dir='ltr' id='par_1_9' title="bbox 191 1679 1412 1918">
     <span class='ocr_line' id='line_1_14' title="bbox 320 1679 1412 1815; baseline 0 -25"><span class='ocrx_word' id='word_1_111' title='bbox 320 1685 398 1792; x_wconf 20' lang='lat' dir='ltr'>(IV.</span> <span class='ocrx_word' id='word_1_112' title='bbox 421 1725 558 1815; x_wconf 40' lang='lat' dir='ltr'>¹Atque,</span> <span class='ocrx_word' id='word_1_113' title='bbox 578 1679 757 1814; x_wconf 66' lang='lat' dir='ltr'>primurn„</span> <span class='ocrx_word' id='word_1_114' title='bbox 778 1727 866 1792; x_wconf 75' lang='lat' dir='ltr'>cum&#39;</span> <span class='ocrx_word' id='word_1_115' title='bbox 883 1702 1124 1810; x_wconf 81' lang='lat' dir='ltr'>Philosophiae</span> <span class='ocrx_word' id='word_1_116' title='bbox 1153 1721 1305 1790; x_wconf 82' lang='lat' dir='ltr'>studium</span> <span class='ocrx_word' id='word_1_117' title='bbox 1411 1763 1412 1780; x_wconf 52' lang='grc' dir='ltr'>ι</span> 
     </span>
     <span class='ocr_line' id='line_1_15' title="bbox 191 1825 1305 1918; baseline -0.009 -18"><span class='ocrx_word' id='word_1_118' title='bbox 191 1885 197 1900; x_wconf 78' lang='lat'>.</span> <span class='ocrx_word' id='word_1_119' title='bbox 213 1829 322 1918; x_wconf 85' lang='lat' dir='ltr'>uulgo</span> <span class='ocrx_word' id='word_1_120' title='bbox 338 1841 489 1917; x_wconf 86' lang='lat' dir='ltr'>spretum</span> <span class='ocrx_word' id='word_1_121' title='bbox 504 1839 607 1918; x_wconf 86' lang='lat' dir='ltr'>atque</span> <span class='ocrx_word' id='word_1_122' title='bbox 623 1837 857 1915; x_wconf 83' lang='lat' dir='ltr'>contemptum</span> <span class='ocrx_word' id='word_1_123' title='bbox 872 1847 947 1892; x_wconf 86' lang='lat' dir='ltr'>esse</span> <span class='ocrx_word' id='word_1_124' title='bbox 962 1825 1096 1894; x_wconf 80' lang='lat' dir='ltr'>uideata</span> <span class='ocrx_word' id='word_1_125' title='bbox 1124 1846 1305 1914; x_wconf 86' lang='lat' dir='ltr'>nunquam</span> 
     </span>
    </p>
   </div>
   <div class='ocr_carea' id='block_1_10' title="bbox 93 1929 1413 2227">
    <p class='ocr_par' dir='ltr' id='par_1_10' title="bbox 93 1929 1413 2227">
     <span class='ocr_line' id='line_1_16' title="bbox 93 1929 1304 2022; baseline -0.005 -24"><span class='ocrx_word' id='word_1_126' title='bbox 93 1981 98 1988; x_wconf 86' lang='lat'><em>-</em></span> <span class='ocrx_word' id='word_1_127' title='bbox 177 1976 182 1991; x_wconf 77' lang='lat'><strong>·</strong></span> <span class='ocrx_word' id='word_1_128' title='bbox 212 1938 241 1997; x_wconf 89' lang='lat' dir='ltr'>is</span> <span class='ocrx_word' id='word_1_129' title='bbox 264 1934 342 2012; x_wconf 82' lang='lat' dir='ltr'>erit,</span> <span class='ocrx_word' id='word_1_130' title='bbox 374 1937 432 2022; x_wconf 86' lang='lat' dir='ltr'>qui</span> <span class='ocrx_word' id='word_1_131' title='bbox 451 1942 610 2017; x_wconf 77' lang='lat' dir='ltr'>magnam</span> <span class='ocrx_word' id='word_1_132' title='bbox 636 1934 884 2018; x_wconf 79' lang='lat' dir='ltr'>uitaepartem</span> <span class='ocrx_word' id='word_1_133' title='bbox 903 1935 947 1997; x_wconf 85' lang='lat' dir='ltr'>in</span> <span class='ocrx_word' id='word_1_134' title='bbox 968 1929 1085 2000; x_wconf 80' lang='lat' dir='ltr'>studiis</span> <span class='ocrx_word' id='word_1_135' title='bbox 1117 1934 1304 2018; x_wconf 79' lang='lat' dir='ltr'>sapientiae</span> 
     </span>
     <span class='ocr_line' id='line_1_17' title="bbox 214 2027 1413 2127; baseline -0.008 -25"><span class='ocrx_word' id='word_1_136' title='bbox 214 2031 490 2127; x_wconf 26' lang='lat' dir='ltr'>consumendam·</span> <span class='ocrx_word' id='word_1_137' title='bbox 503 2039 683 2123; x_wconf 32' lang='lat' dir='ltr'>existence,</span> <span class='ocrx_word' id='word_1_138' title='bbox 724 2031 927 2120; x_wconf 85' lang='lat' dir='ltr'>Nunquam-</span> <span class='ocrx_word' id='word_1_139' title='bbox 939 2037 1041 2120; x_wconf 85' lang='lat' dir='ltr'>igitur</span> <span class='ocrx_word' id='word_1_140' title='bbox 1069 2027 1302 2116; x_wconf 75' lang='lat' dir='ltr'>inuestigabit,</span> <span class='ocrx_word' id='word_1_141' title='bbox 1412 2083 1413 2092; x_wconf 73' lang='grc'>,</span> 
     </span>
     <span class='ocr_line' id='line_1_18' title="bbox 214 2132 1413 2227; baseline -0.006 -25"><span class='ocrx_word' id='word_1_142' title='bbox 214 2139 290 2224; x_wconf 83' lang='lat' dir='ltr'>quis</span> <span class='ocrx_word' id='word_1_143' title='bbox 309 2139 482 2203; x_wconf 73' lang='lat' dir='ltr'>sitterrae</span> <span class='ocrx_word' id='word_1_144' title='bbox 503 2138 602 2214; x_wconf 86' lang='lat' dir='ltr'>situs,</span> <span class='ocrx_word' id='word_1_145' title='bbox 635 2151 724 2223; x_wconf 85' lang='lat' dir='ltr'>quae</span> <span class='ocrx_word' id='word_1_146' title='bbox 745 2132 874 2217; x_wconf 83' lang='lat' dir='ltr'>forma,</span> <span class='ocrx_word' id='word_1_147' title='bbox 905 2158 996 2227; x_wconf 77' lang='lat' dir='ltr'>quae</span> <span class='ocrx_word' id='word_1_148' title='bbox 1017 2136 1303 2221; x_wconf 78' lang='lat' dir='ltr'>circumscripti03</span> <span class='ocrx_word' id='word_1_149' title='bbox 1412 2149 1413 2154; x_wconf 72' lang='grc'>’</span> 
     </span>
    </p>
   </div>
   <div class='ocr_carea' id='block_1_11' title="bbox 165 2239 1310 2636">
    <p class='ocr_par' dir='ltr' id='par_1_11' title="bbox 165 2239 1310 2636">
     <span class='ocr_line' id='line_1_19' title="bbox 165 2239 1304 2328; baseline -0.004 -26"><span class='ocrx_word' id='word_1_150' title='bbox 165 2255 171 2273; x_wconf 81' lang='lat'><strong>·</strong></span> <span class='ocrx_word' id='word_1_151' title='bbox 206 2259 303 2328; x_wconf 30' lang='lat' dir='ltr'>,quae</span> <span class='ocrx_word' id='word_1_152' title='bbox 334 2243 434 2304; x_wconf 85' lang='lat' dir='ltr'>maris</span> <span class='ocrx_word' id='word_1_153' title='bbox 469 2240 645 2304; x_wconf 78' lang='lat' dir='ltr'>uniuersas</span> <span class='ocrx_word' id='word_1_154' title='bbox 677 2247 785 2302; x_wconf 84' lang='lat' dir='ltr'>terras</span> <span class='ocrx_word' id='word_1_155' title='bbox 820 2239 998 2310; x_wconf 86' lang='lat' dir='ltr'>ambientis</span> <span class='ocrx_word' id='word_1_156' title='bbox 1029 2242 1159 2326; x_wconf 88' lang='lat' dir='ltr'>species</span> <span class='ocrx_word' id='word_1_157' title='bbox 1197 2246 1304 2322; x_wconf 86' lang='lat' dir='ltr'>atque</span> 
     </span>
     <span class='ocr_line' id='line_1_20' title="bbox 199 2337 1310 2430; baseline -0.007 -24"><span class='ocrx_word' id='word_1_158' title='bbox 199 2339 442 2428; x_wconf 84' lang='lat' dir='ltr'>-magnttudo;.</span> <span class='ocrx_word' id='word_1_159' title='bbox 465 2337 740 2430; x_wconf 61' lang='lat' dir='ltr'>quaerentium,</span> <span class='ocrx_word' id='word_1_160' title='bbox 761 2349 804 2404; x_wconf 79' lang='lat' dir='ltr'>et</span> <span class='ocrx_word' id='word_1_161' title='bbox 821 2339 998 2408; x_wconf 89' lang='lat' dir='ltr'>fluminum</span> <span class='ocrx_word' id='word_1_162' title='bbox 1024 2344 1164 2423; x_wconf 81' lang='lat' dir='ltr'>nanna;</span> <span class='ocrx_word' id='word_1_163' title='bbox 1198 2357 1310 2426; x_wconf 69' lang='grc' dir='ltr'>ιιιιιιιι.</span> 
     </span>
     <span class='ocr_line' id='line_1_21' title="bbox 212 2430 1304 2563; baseline -0.005 -53"><span class='ocrx_word' id='word_1_164' title='bbox 212 2443 362 2535; x_wconf 58' lang='lat' dir='ltr'>disparia.</span> <span class='ocrx_word' id='word_1_165' title='bbox 377 2430 478 2534; x_wconf 72' lang='lat' dir='ltr'>atque</span> <span class='ocrx_word' id='word_1_166' title='bbox 494 2441 662 2508; x_wconf 87' lang='lat' dir='ltr'>dissimilia</span> <span class='ocrx_word' id='word_1_167' title='bbox 676 2463 801 2530; x_wconf 85' lang='lat' dir='ltr'>genera</span> <span class='ocrx_word' id='word_1_168' title='bbox 815 2441 1008 2563; x_wconf 82' lang='lat' dir='ltr'>plantamm</span> <span class='ocrx_word' id='word_1_169' title='bbox 1022 2449 1057 2506; x_wconf 86' lang='lat' dir='ltr'>et</span> <span class='ocrx_word' id='word_1_170' title='bbox 1070 2445 1304 2508; x_wconf 85' lang='lat' dir='ltr'>animantium.</span> 
     </span>
     <span class='ocr_line' id='line_1_22' title="bbox 210 2543 1304 2636; baseline -0.007 -24"><span class='ocrx_word' id='word_1_171' title='bbox 210 2545 337 2636; x_wconf 84' lang='lat' dir='ltr'>Neque</span> <span class='ocrx_word' id='word_1_172' title='bbox 356 2549 505 2636; x_wconf 86' lang='lat' dir='ltr'>inquiret</span> <span class='ocrx_word' id='word_1_173' title='bbox 523 2563 694 2636; x_wconf 76' lang='lat' dir='ltr'>unquam,</span> <span class='ocrx_word' id='word_1_174' title='bbox 716 2563 805 2633; x_wconf 87' lang='lat' dir='ltr'>quae</span> <span class='ocrx_word' id='word_1_175' title='bbox 820 2551 862 2610; x_wconf 83' lang='lat' dir='ltr'>sit</span> <span class='ocrx_word' id='word_1_176' title='bbox 876 2543 975 2631; x_wconf 88' lang='lat' dir='ltr'>origo</span> <span class='ocrx_word' id='word_1_177' title='bbox 989 2553 1189 2628; x_wconf 86' lang='lat' dir='ltr'>uentorum;</span> <span class='ocrx_word' id='word_1_178' title='bbox 1212 2563 1304 2632; x_wconf 86' lang='lat' dir='ltr'>quae</span> 
     </span>
    </p>
   </div>
   <div class='ocr_carea' id='block_1_12' title="bbox 61 2641 1305 2748">
    <p class='ocr_par' dir='ltr' id='par_1_12' title="bbox 61 2641 1305 2748">
     <span class='ocr_line' id='line_1_23' title="bbox 61 2641 1305 2748; baseline -0.007 -33"><span class='ocrx_word' id='word_1_179' title='bbox 61 2669 64 2674; x_wconf 87' lang='lat'>·</span> <span class='ocrx_word' id='word_1_180' title='bbox 157 2711 166 2748; x_wconf 89' lang='lat'>·.</span> <span class='ocrx_word' id='word_1_181' title='bbox 210 2655 264 2714; x_wconf 86' lang='lat' dir='ltr'>nis</span> <span class='ocrx_word' id='word_1_182' title='bbox 286 2647 512 2737; x_wconf 86' lang='lat' dir='ltr'>fulgurum</span> <span class='ocrx_word' id='word_1_183' title='bbox 481 2649 514 2712; x_wconf 90' lang='lat' dir='ltr'>et&#39;</span> <span class='ocrx_word' id='word_1_184' title='bbox 533 2645 729 2731; x_wconf 80' lang='lat' dir='ltr'>lulminurn3</span> <span class='ocrx_word' id='word_1_185' title='bbox 758 2645 853 2713; x_wconf 89' lang='lat' dir='ltr'>unde</span> <span class='ocrx_word' id='word_1_186' title='bbox 879 2655 1069 2712; x_wconf 84' lang='lat' dir='ltr'>nocturnae</span> <span class='ocrx_word' id='word_1_187' title='bbox 1090 2641 1183 2710; x_wconf 84' lang='lat' dir='ltr'>laces</span> <span class='ocrx_word' id='word_1_188' title='bbox 1204 2643 1305 2707; x_wconf 85' lang='lat' dir='ltr'>flam-</span> 
     </span>
    </p>
   </div>
   <div class='ocr_carea' id='block_1_13' title="bbox 131 2740 1305 3452">
    <p class='ocr_par' dir='ltr' id='par_1_13' title="bbox 131 2740 1305 3154">
     <span class='ocr_line' id='line_1_24' title="bbox 209 2740 1305 2840; baseline -0.004 -26"><span class='ocrx_word' id='word_1_189' title='bbox 209 2756 281 2818; x_wconf 79' lang='lat' dir='ltr'>inis</span> <span class='ocrx_word' id='word_1_190' title='bbox 297 2740 563 2816; x_wconf 77' lang='lat' dir='ltr'>coruscantibus</span> <span class='ocrx_word' id='word_1_191' title='bbox 583 2757 622 2816; x_wconf 86' lang='lat' dir='ltr'>et</span> <span class='ocrx_word' id='word_1_192' title='bbox 638 2763 811 2833; x_wconf 81' lang='lat' dir='ltr'>cometae,</span> <span class='ocrx_word' id='word_1_193' title='bbox 848 2773 932 2840; x_wconf 86' lang='lat' dir='ltr'>quas</span> <span class='ocrx_word' id='word_1_194' title='bbox 960 2746 1084 2835; x_wconf 88' lang='lat' dir='ltr'>uulgus</span> <span class='ocrx_word' id='word_1_195' title='bbox 1105 2767 1182 2812; x_wconf 83' lang='lat' dir='ltr'>esse</span> <span class='ocrx_word' id='word_1_196' title='bbox 1203 2757 1305 2834; x_wconf 85' lang='lat' dir='ltr'>putat</span> 
     </span>
     <span class='ocr_line' id='line_1_25' title="bbox 153 2847 1303 2946; baseline 0.001 -32"><span class='ocrx_word' id='word_1_197' title='bbox 153 2851 381 2946; x_wconf 20' lang='lat' dir='ltr'>,q&#39;nialorum</span> <span class='ocrx_word' id='word_1_198' title='bbox 414 2858 651 2940; x_wconf 82' lang='lat' dir='ltr'>praenuntias,</span> <span class='ocrx_word' id='word_1_199' title='bbox 701 2859 853 2919; x_wconf 84' lang='lat' dir='ltr'>existant.</span> <span class='ocrx_word' id='word_1_200' title='bbox 919 2851 1132 2940; x_wconf 82' lang='lat' dir='ltr'>Nunquam</span> <span class='ocrx_word' id='word_1_201' title='bbox 1148 2847 1303 2935; x_wconf 85' lang='lat' dir='ltr'>denique</span> 
     </span>
     <span class='ocr_line' id='line_1_26' title="bbox 131 2949 1303 3046; baseline -0.01 -20"><span class='ocrx_word' id='word_1_202' title='bbox 131 3018 134 3026; x_wconf 84' lang='grc'><em>,</em></span> <span class='ocrx_word' id='word_1_203' title='bbox 210 2954 399 3022; x_wconf 79' lang='grc' dir='ltr'>ιιιιιιιιιιιιιιι</span> <span class='ocrx_word' id='word_1_204' title='bbox 386 2965 461 3020; x_wconf 91' lang='lat' dir='ltr'>tem</span> <span class='ocrx_word' id='word_1_205' title='bbox 474 2953 567 3020; x_wconf 87' lang='lat' dir='ltr'>illam</span> <span class='ocrx_word' id='word_1_206' title='bbox 587 2959 738 3036; x_wconf 85' lang='lat' dir='ltr'>sentiet,</span> <span class='ocrx_word' id='word_1_207' title='bbox 750 2975 839 3044; x_wconf 90' lang='lat' dir='ltr'>quae</span> <span class='ocrx_word' id='word_1_208' title='bbox 856 2959 1044 3046; x_wconf 85' lang='lat' dir='ltr'>percipitur</span> <span class='ocrx_word' id='word_1_209' title='bbox 1058 2975 1099 3018; x_wconf 88' lang='lat' dir='ltr'>ex</span> <span class='ocrx_word' id='word_1_210' title='bbox 1112 2949 1303 3018; x_wconf 84' lang='lat' dir='ltr'>admirabili</span> 
     </span>
     <span class='ocr_line' id='line_1_27' title="bbox 180 3043 1304 3154; baseline -0.003 -34"><span class='ocrx_word' id='word_1_211' title='bbox 180 3113 182 3120; x_wconf 81' lang='grc'>,</span> <span class='ocrx_word' id='word_1_212' title='bbox 213 3063 338 3146; x_wconf 76' lang='lat' dir='ltr'>specie</span> <span class='ocrx_word' id='word_1_213' title='bbox 349 3067 451 3146; x_wconf 81' lang='lat' dir='ltr'>atque</span> <span class='ocrx_word' id='word_1_214' title='bbox 471 3043 722 3154; x_wconf 82' lang='lat' dir='ltr'>pulchritudine</span> <span class='ocrx_word' id='word_1_215' title='bbox 739 3056 906 3142; x_wconf 89' lang='lat' dir='ltr'>siderum,</span> <span class='ocrx_word' id='word_1_216' title='bbox 925 3049 1125 3122; x_wconf 81' lang='lat' dir='ltr'>immutabili</span> <span class='ocrx_word' id='word_1_217' title='bbox 1139 3043 1304 3120; x_wconf 83' lang='lat' dir='ltr'>constan-</span> 
     </span>
    </p>

    <p class='ocr_par' dir='ltr' id='par_1_14' title="bbox 173 3147 1303 3452">
     <span class='ocr_line' id='line_1_28' title="bbox 173 3147 1303 3247; baseline -0.002 -24"><span class='ocrx_word' id='word_1_218' title='bbox 173 3173 185 3240; x_wconf 63' lang='lat'><em>]</em></span> <span class='ocrx_word' id='word_1_219' title='bbox 210 3147 261 3223; x_wconf 80' lang='lat' dir='ltr'>tia</span> <span class='ocrx_word' id='word_1_220' title='bbox 279 3157 390 3226; x_wconf 84' lang='lat' dir='ltr'>c&#39;artos</span> <span class='ocrx_word' id='word_1_221' title='bbox 414 3169 448 3222; x_wconf 89' lang='lat' dir='ltr'>et</span> <span class='ocrx_word' id='word_1_222' title='bbox 469 3147 663 3247; x_wconf 81' lang='lat' dir='ltr'>aequabiles</span> <span class='ocrx_word' id='word_1_223' title='bbox 683 3165 821 3228; x_wconf 90' lang='lat' dir='ltr'>motus</span> <span class='ocrx_word' id='word_1_224' title='bbox 811 3181 846 3226; x_wconf 88' lang='grc' dir='ltr'>ιιι</span> <span class='ocrx_word' id='word_1_225' title='bbox 860 3165 955 3246; x_wconf 85' lang='lat' dir='ltr'>omni</span> <span class='ocrx_word' id='word_1_226' title='bbox 968 3171 1078 3226; x_wconf 83' lang='lat' dir='ltr'>aetate</span> <span class='ocrx_word' id='word_1_227' title='bbox 1091 3179 1303 3234; x_wconf 82' lang='lat' dir='ltr'>conseruan-</span> 
     </span>
     <span class='ocr_line' id='line_1_29' title="bbox 210 3252 1301 3353; baseline -0.005 -27"><span class='ocrx_word' id='word_1_228' title='bbox 210 3265 318 3326; x_wconf 82' lang='lat' dir='ltr'>nun..</span> <span class='ocrx_word' id='word_1_229' title='bbox 348 3259 474 3350; x_wconf 85' lang='lat' dir='ltr'>Neque</span> <span class='ocrx_word' id='word_1_230' title='bbox 492 3266 699 3348; x_wconf 76' lang='lat' dir='ltr'>postremo</span> <span class='ocrx_word' id='word_1_231' title='bbox 688 3285 724 3326; x_wconf 88' lang='grc' dir='ltr'>ιιι</span> <span class='ocrx_word' id='word_1_232' title='bbox 738 3267 790 3328; x_wconf 92' lang='lat' dir='ltr'>sui</span> <span class='ocrx_word' id='word_1_233' title='bbox 809 3265 914 3353; x_wconf 88' lang='lat' dir='ltr'>ipsius</span> <span class='ocrx_word' id='word_1_234' title='bbox 928 3265 1128 3350; x_wconf 82' lang='lat' dir='ltr'>cognitione</span> <span class='ocrx_word' id='word_1_235' title='bbox 1142 3252 1301 3324; x_wconf 90' lang='lat' dir='ltr'>studium</span> 
     </span>
     <span class='ocr_line' id='line_1_30' title="bbox 185 3353 1300 3452; baseline 0 -26"><span class='ocrx_word' id='word_1_236' title='bbox 185 3369 188 3386; x_wconf 80' lang='lat'>¹</span> <span class='ocrx_word' id='word_1_237' title='bbox 210 3353 318 3432; x_wconf 86' lang='lat' dir='ltr'>ullum</span> <span class='ocrx_word' id='word_1_238' title='bbox 338 3360 542 3450; x_wconf 83' lang='lat' dir='ltr'>ponendum</span> <span class='ocrx_word' id='word_1_239' title='bbox 566 3363 790 3432; x_wconf 79' lang='lat' dir='ltr'>arbitrabitur.</span> <span class='ocrx_word' id='word_1_240' title='bbox 833 3365 932 3452; x_wconf 87' lang='lat' dir='ltr'>Quae</span> <span class='ocrx_word' id='word_1_241' title='bbox 955 3375 1047 3431; x_wconf 89' lang='lat' dir='ltr'>certe</span> <span class='ocrx_word' id='word_1_242' title='bbox 1070 3360 1300 3430; x_wconf 87' lang='lat' dir='ltr'>consideratio</span> 
     </span>
    </p>
   </div>
   <div class='ocr_carea' id='block_1_14' title="bbox 54 3453 1301 3557">
    <p class='ocr_par' dir='ltr' id='par_1_15' title="bbox 54 3453 1301 3557">
     <span class='ocr_line' id='line_1_31' title="bbox 54 3453 1301 3557; baseline -0.002 -24"><span class='ocrx_word' id='word_1_243' title='bbox 54 3509 59 3518; x_wconf 88' lang='lat'>.</span> <span class='ocrx_word' id='word_1_244' title='bbox 138 3515 151 3534; x_wconf 82' lang='grc'>,.</span> <span class='ocrx_word' id='word_1_245' title='bbox 209 3463 304 3554; x_wconf 82' lang='lat' dir='ltr'>illurn</span> <span class='ocrx_word' id='word_1_246' title='bbox 321 3465 376 3532; x_wconf 85' lang='lat' dir='ltr'>ad</span> <span class='ocrx_word' id='word_1_247' title='bbox 391 3485 570 3532; x_wconf 87' lang='lat' dir='ltr'>summum</span> <span class='ocrx_word' id='word_1_248' title='bbox 579 3473 763 3556; x_wconf 85' lang='lat' dir='ltr'>sapientiae</span> <span class='ocrx_word' id='word_1_249' title='bbox 785 3462 929 3557; x_wconf 88' lang='lat' dir='ltr'>gradum</span> <span class='ocrx_word' id='word_1_250' title='bbox 949 3453 1157 3550; x_wconf 75' lang='lat' dir='ltr'>perducere,</span> <span class='ocrx_word' id='word_1_251' title='bbox 1177 3469 1301 3553; x_wconf 87' lang='lat' dir='ltr'>ingen-</span> 
     </span>
    </p>
   </div>
   <div class='ocr_carea' id='block_1_15' title="bbox 178 3557 1309 3762">
    <p class='ocr_par' dir='ltr' id='par_1_16' title="bbox 178 3557 1309 3762">
     <span class='ocr_line' id='line_1_32' title="bbox 211 3557 1300 3665; baseline -0.004 -33"><span class='ocrx_word' id='word_1_252' title='bbox 211 3574 304 3665; x_wconf 80' lang='lat' dir='ltr'>tique</span> <span class='ocrx_word' id='word_1_253' title='bbox 324 3557 502 3658; x_wconf 85' lang='lat' dir='ltr'>uoluptate</span> <span class='ocrx_word' id='word_1_254' title='bbox 525 3566 677 3650; x_wconf 89' lang='lat' dir='ltr'>afficere,</span> <span class='ocrx_word' id='word_1_255' title='bbox 708 3567 811 3634; x_wconf 88' lang='lat' dir='ltr'>etad</span> <span class='ocrx_word' id='word_1_256' title='bbox 835 3573 956 3632; x_wconf 89' lang='lat' dir='ltr'>summi</span> <span class='ocrx_word' id='word_1_257' title='bbox 975 3568 1090 3636; x_wconf 86' lang='lat' dir='ltr'>reruni</span> <span class='ocrx_word' id='word_1_258' title='bbox 1111 3565 1300 3631; x_wconf 87' lang='lat' dir='ltr'>conditoris</span> 
     </span>
     <span class='ocr_line' id='line_1_33' title="bbox 178 3661 1309 3762; baseline -0.004 -25"><span class='ocrx_word' id='word_1_259' title='bbox 178 3757 180 3762; x_wconf 17' lang='grc' dir='ltr'>ι</span> <span class='ocrx_word' id='word_1_260' title='bbox 212 3679 365 3737; x_wconf 82' lang='lat' dir='ltr'>amorem</span> <span class='ocrx_word' id='word_1_261' title='bbox 390 3669 576 3736; x_wconf 89' lang='lat' dir='ltr'>incendere</span> <span class='ocrx_word' id='word_1_262' title='bbox 596 3673 773 3760; x_wconf 88' lang='lat' dir='ltr'>potuisset.</span> <span class='ocrx_word' id='word_1_263' title='bbox 821 3669 877 3735; x_wconf 87' lang='lat' dir='ltr'>Sic</span> <span class='ocrx_word' id='word_1_264' title='bbox 899 3661 1013 3735; x_wconf 88' lang='lat' dir='ltr'>autem</span> <span class='ocrx_word' id='word_1_265' title='bbox 1041 3667 1210 3737; x_wconf 91' lang='lat' dir='ltr'>omnibus</span> <span class='ocrx_word' id='word_1_266' title='bbox 1223 3669 1309 3757; x_wconf 76' lang='lat' dir='ltr'>upi-&#39;</span> 
     </span>
    </p>
   </div>
   <div class='ocr_carea' id='block_1_16' title="bbox 44 3767 1298 3864">
    <p class='ocr_par' dir='ltr' id='par_1_17' title="bbox 44 3767 1298 3864">
     <span class='ocr_line' id='line_1_34' title="bbox 44 3767 1298 3864; baseline -0.001 -27"><span class='ocrx_word' id='word_1_267' title='bbox 44 3805 51 3818; x_wconf 76' lang='lat'>=</span> <span class='ocrx_word' id='word_1_268' title='bbox 167 3825 174 3840; x_wconf 85' lang='lat'>.</span> <span class='ocrx_word' id='word_1_269' title='bbox 210 3771 275 3837; x_wconf 91' lang='lat' dir='ltr'>bus</span> <span class='ocrx_word' id='word_1_270' title='bbox 299 3767 419 3836; x_wconf 88' lang='lat' dir='ltr'>diuinis</span> <span class='ocrx_word' id='word_1_271' title='bbox 436 3769 624 3854; x_wconf 87' lang='lat' dir='ltr'>affluens,</span> <span class='ocrx_word' id='word_1_272' title='bbox 627 3769 722 3840; x_wconf 89' lang='lat' dir='ltr'>illum</span> <span class='ocrx_word' id='word_1_273' title='bbox 743 3773 885 3841; x_wconf 89' lang='lat' dir='ltr'>beatum</span> <span class='ocrx_word' id='word_1_274' title='bbox 902 3786 1026 3843; x_wconf 88' lang='lat' dir='ltr'>statum</span> <span class='ocrx_word' id='word_1_275' title='bbox 1048 3783 1298 3864; x_wconf 86' lang='lat' dir='ltr'>assequeretur,</span> 
     </span>
    </p>
   </div>
   <div class='ocr_carea' id='block_1_17' title="bbox 124 3865 1334 4278">
    <p class='ocr_par' dir='ltr' id='par_1_18' title="bbox 124 3865 1299 3969">
     <span class='ocr_line' id='line_1_35' title="bbox 124 3865 1299 3969; baseline -0.001 -30"><span class='ocrx_word' id='word_1_276' title='bbox 124 3947 128 3956; x_wconf 46' lang='grc'><em>,</em></span> <span class='ocrx_word' id='word_1_277' title='bbox 206 3880 271 3969; x_wconf 87' lang='lat' dir='ltr'>qui</span> <span class='ocrx_word' id='word_1_278' title='bbox 299 3865 335 3937; x_wconf 82' lang='lat' dir='ltr'>in</span> <span class='ocrx_word' id='word_1_279' title='bbox 364 3874 562 3968; x_wconf 78' lang='lat' dir='ltr'>coelestium</span> <span class='ocrx_word' id='word_1_280' title='bbox 591 3889 693 3968; x_wconf 81' lang='lat' dir='ltr'>atque</span> <span class='ocrx_word' id='word_1_281' title='bbox 726 3875 916 3946; x_wconf 90' lang='lat' dir='ltr'>diuinarum</span> <span class='ocrx_word' id='word_1_282' title='bbox 951 3899 1066 3942; x_wconf 89' lang='lat' dir='ltr'>rerum</span> <span class='ocrx_word' id='word_1_283' title='bbox 1100 3879 1299 3962; x_wconf 84' lang='lat' dir='ltr'>cognitione</span> 
     </span>
    </p>

    <p class='ocr_par' dir='ltr' id='par_1_19' title="bbox 162 3956 1334 4278">
     <span class='ocr_line' id='line_1_36' title="bbox 162 3956 1298 4068; baseline -0.005 -28"><span class='ocrx_word' id='word_1_284' title='bbox 162 4036 164 4040; x_wconf 86' lang='grc'><em>,</em></span> <span class='ocrx_word' id='word_1_285' title='bbox 212 3981 375 4042; x_wconf 87' lang='lat' dir='ltr'>consistit.</span> <span class='ocrx_word' id='word_1_286' title='bbox 425 3956 484 4042; x_wconf 84' lang='lat' dir='ltr'>t&#39;tte</span> <span class='ocrx_word' id='word_1_287' title='bbox 521 3983 611 4040; x_wconf 84' lang='lat' dir='ltr'>enirn</span> <span class='ocrx_word' id='word_1_288' title='bbox 646 3976 783 4044; x_wconf 88' lang='lat' dir='ltr'>demum</span> <span class='ocrx_word' id='word_1_289' title='bbox 818 3991 870 4046; x_wconf 87' lang='lat' dir='ltr'>est</span> <span class='ocrx_word' id='word_1_290' title='bbox 899 3979 1018 4045; x_wconf 90' lang='lat' dir='ltr'>beatus</span> <span class='ocrx_word' id='word_1_291' title='bbox 1048 3971 1298 4068; x_wconf 80' lang='lat' dir='ltr'>existimandus,</span> 
     </span>
     <span class='ocr_line' id='line_1_37' title="bbox 212 4061 1298 4178; baseline -0.006 -31"><span class='ocrx_word' id='word_1_292' title='bbox 212 4086 307 4147; x_wconf 89' lang='lat' dir='ltr'>cuius</span> <span class='ocrx_word' id='word_1_293' title='bbox 328 4101 424 4149; x_wconf 89' lang='lat' dir='ltr'>mens</span> <span class='ocrx_word' id='word_1_294' title='bbox 451 4079 520 4144; x_wconf 90' lang='lat' dir='ltr'>hoc</span> <span class='ocrx_word' id='word_1_295' title='bbox 547 4078 664 4146; x_wconf 83' lang='lat' dir='ltr'>diuino</span> <span class='ocrx_word' id='word_1_296' title='bbox 694 4073 988 4178; x_wconf 89' lang='lat' dir='ltr'>contemplationis</span> <span class='ocrx_word' id='word_1_297' title='bbox 1017 4061 1164 4171; x_wconf 90' lang='lat' dir='ltr'>pabulo,</span> <span class='ocrx_word' id='word_1_298' title='bbox 1200 4081 1298 4168; x_wconf 86' lang='lat' dir='ltr'>quasi</span> 
     </span>
     <span class='ocr_line' id='line_1_38' title="bbox 212 4179 1334 4278; baseline 0.003 -31"><span class='ocrx_word' id='word_1_299' title='bbox 212 4179 364 4272; x_wconf 87' lang='lat' dir='ltr'>quodam</span> <span class='ocrx_word' id='word_1_300' title='bbox 389 4179 528 4248; x_wconf 78' lang='lat' dir='ltr'>nectare</span> <span class='ocrx_word' id='word_1_301' title='bbox 556 4193 590 4248; x_wconf 87' lang='lat' dir='ltr'>et</span> <span class='ocrx_word' id='word_1_302' title='bbox 618 4183 783 4254; x_wconf 89' lang='lat' dir='ltr'>ambrosia</span> <span class='ocrx_word' id='word_1_303' title='bbox 815 4183 913 4254; x_wconf 89' lang='lat' dir='ltr'>alitur</span> <span class='ocrx_word' id='word_1_304' title='bbox 947 4200 1051 4278; x_wconf 86' lang='lat' dir='ltr'>atque</span> <span class='ocrx_word' id='word_1_305' title='bbox 1080 4189 1297 4252; x_wconf 79' lang='lat' dir='ltr'>sustentatur.</span> <span class='ocrx_word' id='word_1_306' title='bbox 1331 4223 1334 4231; x_wconf 74' lang='lat'><em>‹</em></span> 
     </span>
    </p>
   </div>
   <div class='ocr_carea' id='block_1_18' title="bbox 0 0 1434 4740">
    <p class='ocr_par' dir='ltr' id='par_1_20' title="bbox 0 0 1434 4740">
     <span class='ocr_line' id='line_1_39' title="bbox 0 0 1434 4740; baseline 0 1"><span class='ocrx_word' id='word_1_307' title='bbox 0 0 1434 4740; x_wconf 95' lang='lat' dir='ltr'> </span> 
     </span>
    </p>
   </div>
  </div>
 </body>
</html>
