2860 4740
163 289 182 370 j
251 302 274 370 t
547 247 550 269 '
614 217 1018 367 bu'o‘nouta'

27 525 34 550 .
115 421 122 450 Ι,
173 533 176 540 ⁴
253 468 376 555 hatur'a
399 455 557 547 insitum,
589 449 685 544 qu'od
704 472 778 518 non
799 452 849 524 sit
868 452 925 518 uel
947 451 991 519 ad
1013 427 1166 545 corporis
1184 451 1342 536 tutelam,

252 549 328 636 uel
338 567 382 632 ad
409 554 512 633 animi
545 556 675 624 cultum
702 556 928 657 aptissimum.
960 557 1022 625 sed
1048 582 1113 626 nos
1124 547 1355 648 plerumque'

193 733 196 738 .
253 671 378 740 diuinis
398 663 594 734 muneribus
623 661 666 726 ad
685 675 842 726 nostrum
864 662 1000 726 exitium
1031 677 1065 726 et
1086 660 1343 726 deformitatem

169 809 173 818 ·
254 769 434 843 abutimur.
472 753 534 854 lix
548 786 616 854 quo
638 747 800 846 efficitur,
832 787 905 832 nou
926 761 1080 832 studium
1081 761 1225 852 laudts,
1260 763 1342 827 cum

251 879 296 941 sit
319 874 419 942 nobis
439 871 691 974 ingeneratum,
717 885 798 929 esse
825 864 896 932 ullo
926 865 1031 932 modo
1060 863 1341 954 uituperandum,

252 976 313 1044 sed
340 964 559 1040 iactationem
590 983 625 1033 et
650 963 825 1036 leuitatem
853 963 1043 1038 ho'minum
1062 987 1191 1052 auera
1203 967 1341 1044 uirtute

161 1112 163 1120 ·
204 1055 217 1132 »⁴
251 1077 387 1171 penitus
416 1059 665 1151 aberrintium,
698 1085 734 1135 et
763 1074 966 1140 inanissimis
995 1073 1214 1162 opinionibus
1243 1070 1339 1134 uitae

249 1184 417 1251 rationem
445 1174 727 1271 peruerteutium.
789 1173 883 1240 Non
904 1178 994 1242 enim
1026 1191 1160 1246 temere
1186 1193 1340 1237 summus

145 1285 150 1306 ⁵
249 1283 306 1352 ille
328 1283 498 1346 Dominus
530 1300 603 1342 eam
633 1277 854 1362 cupiditatem
877 1280 1028 1346 omnium
1049 1276 1254 1356 mentibus
1244 1295 1340 1338 rnre-

190 1410 194 1418 ’
222 1411 226 1419 ·
250 1387 336 1488 uit,
349 1380 411 1447 sed
432 1373 621 1445 admirabili
644 1377 785 1444 consilio
809 1395 844 1446 et
866 1383 1018 1446 ratione.
1049 1395 1099 1448 ut
1111 1399 1151 1458 ca
1173 1373 1339 1445 uidelicet

247 1461 400 1574 incitati,
432 1483 476 1548 ad
504 1471 737 1560 honestatem,
770 1482 862 1548 unde
890 1482 962 1548 laus
991 1484 1100 1558 omnis
1122 1481 1251 1562 existit,
1282 1500 1339 1543 ar·
1372 1497 1378 1506 ·

249 1569 385 1655 dentius
415 1583 629 1673 aspiremus„
651 1581 698 1649 At
724 1585 894 1675 homines
908 1587 1044 1676 flagitiis
1063 1583 1238 1666 infames,
1246 1598 1360 1651 cum-

156 1692 161 1700 ’
247 1713 352 1759 uerae
381 1688 553 1776 dignitatis
583 1686 707 1773 opibus
735 1667 862 1771 orbati,
895 1690 1095 1777 dignitatem
1121 1701 1248 1752 tamen·
1274 1703 1338 1774 ap-

247 1787 385 1884 petant,
411 1788 569 1876 illiusque
599 1789 690 1857 uiam
712 1792 848 1875 penitus
869 1790 1047 1880 ignorent
1088 1805 1162 1854 eam
1186 1787 1336 1854 erebus

246 1893 446 1960 inanissimis
478 1903 699 1978 quaerentes,
729 1907 910 1980 magnum
917 1893 954 1958 in
981 1913 1018 1958 se
1040 1891 1189 1957 dedecus
1211 1889 1337 1955 admit·

246 2010 374 2076 tunt,
372 1965 438 2058 el
458 1993 589 2082 patriae
623 1989 815 2080 plerunque
848 1985 980 2082 pestem
998 1987 1137 2112 atque
1147 1993 1335 2081 perniciem
1406 2047 1407 2060 ,

246 2094 492 2163 machinantur.
533 2089 637 2156 Ido'c
627 2094 731 2180 igitur
752 2093 881 2182 gloriae
900 2091 1007 2186 genus
1021 2099 1141 2190 inane,
1160 2095 1335 2166 funestum
1406 2133 1407 2170 ι

247 2215 351 2289 atque
372 2180 600 2271 mortiferum,
634 2188 786 2274 omnium
813 2198 979 2264 malorum
1000 2198 1217 2264 seminarium
1238 2195 1333 2262 inse

192 2331 199 2342 ’
247 2302 445 2379 continens,
484 2295 631 2360 execrari
652 2299 867 2385 praecipiunt
886 2299 1069 2387 sapientes·
1066 2301 1251 2398 homiues3
1288 2297 1332 2364 ab

167 2433 169 2438 ·
244 2403 345 2469 huius
379 2395 555 2490 pestilenti
589 2399 796 2483 contagione
827 2399 955 2472 Christi
980 2401 1101 2490 optimi
1127 2417 1213 2491 maxi
1241 2417 1332 2464 uoce

246 2503 506 2587 deterremur3
508 2521 582 2564 non
601 2492 653 2563 ab
681 2497 760 2585 illo,
796 2504 892 2591 quod
916 2501 1023 2604 uulgi
1044 2503 1226 2567 amentiam
1247 2486 1337 2564 con-¹

242 2619 418 2685 temnens,
461 2603 567 2688 stirpe
596 2618 701 2665 uerae
730 2606 866 2672 uirtutis
895 2607 1065 2671 innititur.
1094 2603 1225 2704 Quae
1253 2620 1331 2666 cnm

186 2691 188 2700 ¹
242 2729 347 2808 saepe
374 2723 507 2772 mecum
536 2703 649 2767 animo
679 2702 862 2791 agitarem,
904 2709 992 2772 inire
1025 2691 1125 2796 coepi
1149 2706 1338 2786 rationem,

204 2855 207 2874 .
243 2805 533 2926 quemadmodum
563 2823 721 2884 errorem
755 2807 869 2880 multis
903 2801 1043 2890 insitum
1071 2829 1111 2874 ex
1138 2805 1330 2895 aliquorum

134 2968 164 2984 ..
192 2901 213 2985 ,’
244 2911 363 2998 animis
392 2905 592 2987 eueller'em,
628 2919 663 2969 et
687 2905 843 2988 homines
868 2924 1026 2992 nostros,
1057 2911 1100 2973 in
1123 2908 1267 3006 quibus
1278 2923 1330 2974 est

239 3013 383 3098 ιιιιιιιιι
397 2997 551 3100 egregius
582 3029 677 3074 arnor
702 3007 825 3075 laudis
845 3011 1086 3116 ingenitum
1068 2995 1267 3108 aleuitate
1286 3004 1331 3076 ad
1376 3043 1378 3048 v

242 3133 347 3184 uerae
377 3111 505 3201 gloriae
530 3109 681 3176 studium
713 3107 954 3200 traducerem.
989 3109 1035 3178 Et
1054 3127 1094 3180 ut
1112 3109 1263 3178 inlibris
1285 3111 1329 3178 de

170 3209 182 3233 f
242 3211 453 3294 Nobilitate,
489 3233 575 3300 quos
603 3214 723 3300 scripsi
750 3211 794 3280 ad
814 3214 1029 3312 Ludouicum
1054 3213 1195 3284 fratrem
1220 3228 1330 3298 tuum,

147 3313 155 3324 “
191 3327 195 3337 ’
238 3315 431 3416 principem
454 3313 611 3408 omnibus
630 3317 813 3382 uirtutibus
835 3301 1104 3399 ornaiissimum,
1125 3317 1330 3384 faceresum

242 3431 404 3496 conatus,
440 3427 481 3478 ut
499 3413 648 3479 fucatam
670 3427 774 3508 atque
795 3413 948 3486 fallacem
968 3419 1183 3492 nobilitatem
1206 3441 1226 3486 a
1246 3421 1329 3486 itera

158 3571 164 3583 ,
240 3535 470 3588 secernerem.
503 3517 552 3585 sic
577 3519 614 3588 in
644 3517 695 3581 his
719 3519 813 3610 libris
842 3519 1034 3600 contende,
1063 3533 1104 3586 ut
1130 3513 1268 3586 inanem
1296 3536 1332 3586 et

209 3651 212 3661 2
240 3621 363 3686 fluxam
385 3641 404 3684 a
424 3637 507 3683 uera
527 3632 563 3682 et
583 3617 695 3684 stabili
720 3618 859 3686 laudem
887 3622 1079 3708 seiungam,
1108 3635 1143 3686 et
1164 3617 1331 3686 admone·
1404 3623 1405 3662 ἒ

142 3728 145 3736 “
241 3743 298 3788 am
327 3742 463 3803 omnes,
499 3719 535 3784 in
565 3719 730 3808 quibus
719 3740 810 3790 mest
820 3723 942 3791 ardor
971 3723 1110 3822 quidam
1138 3727 1261 3790 mentis
1284 3724 1329 3792 ad
1404 3777 1405 3807 ,

241 3823 410 3914 gloriam,
429 3835 470 3886 ut
488 3835 566 3888 toto
587 3817 730 3912 pectore
750 3826 786 3888 in
805 3825 955 3892 studium
976 3825 1114 3912 pietatis
1136 3842 1172 3892 et
1180 3812 1331 3927 religio-

240 3926 294 3992 nis
320 3921 530 3989 incumbant.
579 3923 689 3989 Aliter
715 3927 807 4000 enim
836 3943 1012 4026 nunquam
1042 3927 1138 4016 quod
1166 3944 1331 4016 expetunt

242 4027 384 4116 adipisci
404 4023 606 4090 ullomodo
630 4042 805 4116 poterunt.
847 4029 894 4096 Vt
922 4028 1091 4097 autemid
1114 4027 1329 4096 commodius

33 4119 36 4129 ¹
97 4219 101 4238 ἱ
145 4219 148 4224 Ι
242 4127 437 4210 efficerem,
467 4126 565 4190 uenit
595 4128 632 4191 in
660 4147 809 4197 mentem
838 4133 920 4200 mihi
948 4129 1130 4226 complecti
1156 4132 1209 4200 his
1236 4127 1329 4222 libris

200 4291 203 4300 ι
243 4245 301 4314 aa,
318 4249 438 4330 qnae
454 4211 629 4318 quondam
658 4232 702 4297 de
730 4233 840 4320 gloria
869 4249 905 4302 et
925 4231 1094 4322 dignitate
1110 4234 1151 4300 in
1169 4253 1330 4316 sermone
