2860 4732
143 242 287 336 [ιιι
431 300 438 314 ,
510 279 514 290 ·
581 177 944 360 septonia
1019 213 1082 282 ι’

21 443 23 472 ³
92 394 104 490 ι
163 481 166 490 .
220 429 309 498 ritas.
328 418 465 513 efferet,
506 445 607 544 quam
632 423 787 492 coelestis
818 380 968 517 dignitas
1002 373 1202 544 excitabit,
1218 450 1308 521 quae
1339 509 1345 529 Ι

127 547 132 564 ·
174 529 178 538 “
218 526 351 622 uigebit
375 529 539 594 momoria
564 524 776 595 saeculorum
795 527 972 611 ¹omnium,
999 526 1043 594 de
1066 530 1163 596 cuius
1184 529 1308 618 ampli-

162 611 188 685 ,ἱ
210 625 338 700 ,tudine
363 649 537 728 nunquam
562 628 779 693 aeternitas
767 650 843 721 apsa
865 629 1086 702 conticescet.
1125 610 1252 695 Hanc'
1241 630 1306 720 rgi-

218 745 274 798 tur
306 744 521 834 expetentes,
561 725 757 816 angelorum
792 727 967 794 theatrum
980 726 1060 794 -sibi
1092 745 1304 845 proponunt,

158 815 161 840 ι
219 839 419 921 omne-sque
435 825 616 908 coelestes,
644 847 730 918 quos
754 842 892 894 sanctae
916 827 1051 894 literae
1058 820 1242 919 principes,
1270 844 1306 895 et

217 945 424 1023 potestates,
450 945 485 994 et
505 927 641 1006 diuinae
666 921 848 992 maiestatis
874 927 993 1009 sedes,
1026 928 1167 1018 aliisque
1191 931 1304 994 nomi-

216 1030 316 1098 nibus
342 1028 499 1108 ardorem
529 1043 567 1102 et
590 1025 792 1114 sapientiam
824 977 1089 1116 significadtibus
1117 1028 1303 1118 appellant,

165 1118 169 1128 Α
218 1147 297 1197 ante
318 1110 438 1196 mentis
464 1125 582 1197 oculos
603 1141 773 1220 statuunt,
798 1125 849 1192 his
873 1127 1039 1246 iudicibqs
1062 1132 1231 1212 seruiuntr
1250 1130 1303 1196 his

212 1207 466 1332 spectatoribus
500 1226 656 1316 placere,
696 1227 817 1292 horum
849 1220 1047 1296 testimonio
1083 1227 1304 1316 comprobari

45 1309 53 1331 ¹
128 1396 135 1409 x
216 1332 370 1420 cupiunt.
418 1329 536 1418 Atque
562 1341 759 1415 postremo,
784 1325 881 1442 quod
908 1343 958 1394 est
981 1311 1084 1417 ldnge
1109 1331 1339 1438 maximum,

214 1435 251 1498 in
271 1429 359 1496 illins
385 1430 515 1495 summi
508 1425 660 1490 domini
684 1427 882 1492 testimonio
908 1441 945 1491 et
968 1428 1147 1492 sententia
1163 1449 1301 1500 omnem

130 1515 153 1588 s·
229 1528 344 1598 ‘ioniae
365 1525 643 1616 *magnitudinem
673 1528 771 1597 sitam
806 1549 878 1590 esse
911 1529 1144 1616 conspiciunt}
1188 1543 1222 1616 et
1256 1527 1301 1592 ad

213 1555 306 1697 iilam
336 1626 529 1702 incredibili
570 1627 692 1708 animi
715 1620 813 1700 cursu
826 1627 837 1716 ’μ
848 1616 1031 1715 studioque
1071 1625 1301 1698 contendunt.

212 1725 284 1820 Spe
306 1717 518 1816 igitur'illius
544 1724 704 1812 claritatis
737 1725 842 1790 erecti
870 1725 992 1815 gaudia
1018 1727 1158 1791 maxima
1185 1728 1300 1815 perci·
1410 1763 1411 1780 ι

212 1833 321 1921 piant,
345 1824 570 1914 intelligentes
593 1825 629 1888 ιιι
648 1822 734 1888 illius
758 1822 893 1888 demum
909 1824 1038 1913 gloriae
1058 1824 1204 1890 studium
1223 1849 1299 1893 esse

182 1937 193 1974 ·“
213 1929 388 1996 omnibus.
399 1925 527 1992 uiribus
552 1910 835 2010 incumbendum,
863 1947 951 2015 quae
969 1926 1095 1991 Cb'risti
1110 1923 1301 2011 beneficio,

167 2093 170 2108 ,
211 2029 351 2096 numine
385 2040 419 2090 ει
442 2022 640 2094 laudatione
673 2023 878 2092 continffletur
936 2025 1025 2091 Nam
1056 2023 1296 2099 silaudatoris

212 2101 400 2218 amplitudo
427 2099 474 2191 ad
494 2123 664 2215 dignitatis
685 2116 984 2220 amplificationem
1009 2102 1178 2213 pertinet:
1195 2119 1296 2214 quid
1356 2161 1360 2170 ·

106 2301 107 2310 χ
212 2249 285 2297 esse
311 2240 428 2316 potest
451 2225 585 2292 Christi
594 2226 771 2303 maiestate
792 2221 1084 2312 magnificentius?
1118 2221 1296 2292 sinerum

210 2327 421 2396 iudicium'
410 2349 447 2392 ιιι
469 2339 572 2392 certa
605 2321 776 2414 gloriae
768 2326 903 2390 ratione
937 2323 1158 2414 requirimus.
1160 2325 1295 2398 Deus

174 2471 177 2486 .
210 2429 301 2496 solus
326 2427 466 2495 intimos
499 2425 673 2490 hominum
705 2447 825 2489 sensus
859 2441 1057 2512 perspectos
1089 2424 1205 2495 habet.
1258 2427 1296 2492 Si

182 2527 188 2624 ’Ἰ
208 2527 388 2630 laudantis‘
402 2525 626 2592 constantiam
654 2525 877 2598 attendimusz
908 2524 1022 2590 diuina
1046 2547 1143 2599 mens
1167 2527 1331 2593 nullam'
1409 2501 1410 2526 ι

99 2668 147 2699 ·,
207 2621 246 2700 in
270 2629 364 2696 omni
388 2627 588 2692 aeternitate
615 2640 731 2714 potest
752 2622 880 2690 habere
905 2625 1138 2691 mutationem.
1166 2628 1224 2694 si
1243 2627 1302 2697 lua

208 2753 285 2798 cem
320 2744 354 2794 et
376 2724 604 2802 celebritatem
631 2724 844 2792 considerem
883 2741 966 2790 tunc
993 2725 1159 2792 clarorum
1184 2727 1293 2792 homi·

208 2826 433 2897 numiautles
459 2847 573 2892 coram
600 2823 757 2890 omnibus
784 2825 910 2914 angelis
937 2840 972 2890 et
997 2825 1192 2892 hominibus
1217 2827 1294 2906 illua

208 2927 414 3024 strabuntur.
464 2927 502 2992 Si
527 2925 571 2992 ad
598 2924 852 2992 diuturnitatem
869 2916 1137 3006 animaduertast
1164 2927 1292 3001 nullum

111 3093 114 3100 ,
208 3027 313 3098 finem
337 3041 418 3100 sunt
434 3022 509 3089 ullis
536 3049 686 3115 unquam
711 3017 852 3092 saeculis
877 3025 1064 3093 habiturae.
1116 3029 1239 3116 Quid'
1229 3031 1291 3115 rgi-

52 3109 76 3191 '¹‘
144 3113 148 3181 s
208 3145 264 3197 tur
293 3125 351 3194 illa
380 3124 490 3246 'gloria
522 3123 687 3207 didimus,
728 3147 828 3214 quam
864 3140 993 3191 mentes
1028 3141 1144 3191 castae
1172 3129 1208 3192 ιιι
1231 3127 1290 3196 illa
1327 3203 1335 3214 ,

209 3221 392 3296 coelesti'
378 3225 532 3314 regione
573 3225 879 3314 consequentur?
883 3209 987 3291 'Est
1000 3229 1091 3312 enim
1126 3223 1289 3315 dignitate
1333 3263 1349 3286 ,-

206 3327 424 3408 laudatoris'
414 3347 597 3406 immensa,
623 3341 856 3414 spectatorum
875 3289 1086 3397 celebritate
1098 3277 1289 3413 clarissima,

103 3518 109 3528 ,
146 3463 148 3470 1
187 3428 428 3499 diuturnitate
452 3427 615 3518 temporis
639 3423 782 3493 infinita.
867 3436 869 3452 '

517 3589 522 3598 .
758 3593 760 3598 .
1018 3587 1028 3597 ι.
1051 3569 1056 3606 l
1258 3586 1262 3600 t

333 3627 405 3697 Vll.
445 3629 543 3695 Haec
568 3643 622 3695 est
645 3625 800 3694 coelestis
825 3627 913 3695 illius
947 3629 1091 3695 ciuitatis
1118 3627 1289 3714 condicio,

196 3712 243 3798 ἰιι
270 3751 370 3820 quam
396 3728 534 3811 tandem
561 3726 697 3812 omnes,
725 3729 784 3818 qui
807 3727 1024 3818 ueraeplaudi
1043 3732 1206 3812 seruiunt,
1233 3751 1290 3794 ac-

208 3829 357 3918 cipiendi
388 3847 483 3912 sunt,
527 3828 649 3894 diuinis
677 3826 1062 3913 laudibus'abundare,
1101 3828 1290 3918 splendore

208 3929 344 3996 diuinae
367 3927 449 3998 lucis
474 3927 648 4012 illustrari,
676 3927 791 3994 diuina
817 3927 924 4018 gloria
948 3930 1082 3998 llorere.
1134 3932 1166 3995 0
1189 3929 1287 3995 sedes

180 4017 277 4098 'illas
303 4029 510 4096 beatissimas
537 4029 720 4117 diuinaque
746 4027 977 4112 domicilia,'
966 4055 1003 4096 ιιι
1029 4029 1158 4120 quibus
1175 4030 1286 4096 homi·
1373 4075 1377 4090 .

205 4153 273 4196 nes
291 4134 418 4221 pietate
450 4145 662 4220 praestantes
693 4122 814 4215 locati,
854 4153 919 4197 nee
951 4133 1039 4198 uitiis
1071 4127 1180 4214 infici,
1218 4151 1288 4195 nec

204 4227 420 4298 deformitate
445 4230 619 4313 maculari,
659 4240 726 4302 nee
757 4234 936 4300 tormentis
960 4230 1110 4306 inuidiae
1136 4228 1286 4312 conuelli

797 4377 1019 4445 .ι“
