2860 4732
166 253 169 268 ’
277 243 919 402 222222222222.
1052 233 1224 386 ,122

111 477 288 567 expromit,
303 491 343 543 22
355 475 526 543 nemnem
542 478 756 566 superstitem
770 476 900 566 patriae
914 474 1096 568 relinquat.
1132 473 1201 542 Hic
1310 545 1314 556 ⁴

111 575 249 668 quidem
279 577 432 670 quamuis
464 578 622 664 ingentes
654 599 738 664 opes
765 574 938 664 habuerit,
961 576 1201 692 omniumque

111 674 278 744 bellorum
293 679 405 742 uictor
422 678 586 744 extiterit:
611 675 738 743 nullam
761 675 903 765 gloriam
922 659 1052 765 assequi
1076 675 1200 764 potuit.

106 759 172 842 Est
197 780 287 843 enim
288 771 437 874 gloria,
470 789 509 841 ut
531 799 637 867 saepe
655 796 726 842 tam
752 775 910 857 diximus,
943 775 1033 840 fama
1058 765 1206 842 celebris
1248 764 1271 791 ‘'

111 877 321 959 honestatis,
349 865 619 945 excellentibus
609 901 646 942 22
666 877 851 943 humanum
867 895 971 966 genus
994 877 1121 941 metitis
1144 894 1201 936 ex·
1254 891 1258 916 ¹

113 978 226 1058 citata,
253 963 526 1044 beneuolentiam
543 976 723 1044 multorum
741 973 938 1055 concilians
975 960 1071 1040 Illum
1090 989 1202 1040 autem
1247 1026 1262 1054 ⁸,
1297 975 1316 1072 ,ἰ

103 1097 186 1144 mon
199 1077 303 1165 magis
316 1077 492 1167 quisquam
505 1085 563 1144 aut
572 1077 723 1159 laudare,
736 1094 794 1143 aut
807 1097 920 1144 amare
934 1089 1082 1168 poterat,
1099 1093 1202 1164 quam

47 1181 49 1190 ’
112 1169 301 1270 pro'cellam
317 1193 419 1266 atque
435 1185 670 1266 tempestatem
687 1177 851 1246 turbido
841 1193 972 1264 impetu
984 1177 1105 1250 2222212
1124 1197 1203 1262 per·

114 1291 318 1344 uertentem.
374 1275 446 1343 Sed
470 1272 1033 1372 Ι2222222212221222122112212222
1056 1261 1223 1342 mentio-'
1276 1295 1278 1300 ·
1334 1253 1362 1279 ”

3 1448 7 1460 ,
113 1380 217 1444 nem?
267 1370 331 1459 Vt,
358 1399 435 1446 cum
454 1377 731 1461 intellexerimus
756 1371 890 1458 nullam
906 1393 1060 1452 naturam
1084 1377 1203 1440 imma·
1221 1379 1252 1400 ““
1287 1401 1289 1410 ·

113 1499 194 1546 nem
212 1477 512 1583 etimportuuam,
535 1483 688 1568 quamuis
705 1481 748 1545 sit
768 1477 930 1566 reliquis'
920 1499 956 1544 222
974 1475 1077 1542 rebus
1095 1473 1204 1541 admi-

114 1576 239 1659 randa,
264 1599 366 1668 posse
388 1571 524 1644 1222212212
548 1578 706 1669 adipisci,
733 1577 864 1644 facilius
873 1556 1126 1666 intelligamus,
1151 1575 1204 1639 ni-

113 1678 173 1746 1211
170 1679 256 1764 sine
278 1678 407 1744 iustitia
429 1689 465 1744 et
488 1680 559 1747 eius
581 1678 751 1769 partibus,
779 1698 904 1766 nempe
927 1675 1034 1758 lide,
1040 1673 1205 1792 benigni·
1288 1697 1290 1706 ’

114 1793 196 1860 tate,
214 1775 413 1870 clementia,
438 1775 622 1876 gloriosum
638 1795 674 1845 et
687 1772 893 1876 laudandum
906 1778 1059 1870 reperiri.
1086 1775 1205 1840 Prae·
1205 1788 1208 1797 ·

114 1887 208 1947 terea
229 1880 367 1944 minime
385 1875 567 1943 obscurum
591 1894 660 1964 est,
686 1867 821 1946 omnem
846 1879 995 1942 nominis
1019 1865 1229 1966 claritatem,
1310 1895 1312 1904 ¹
1411 1865 1414 1886 '

116 1995 151 2046 et
169 1975 426 2078 splendorem
415 1999 453 2042 22
477 1976 585 2044 (112121
616 1981 765 2044 numinis
788 1979 999 2044 imitatione
1007 1979 1211 2044 consistere.

114 2079 193 2146 Huc
216 2080 307 2144 enim
326 2092 468 2144 naturae
481 2079 615 2168 impetu
636 2080 803 2144 trahimus
820 2091 961 2160 omnes,
986 2079 1046 2168 qui
1068 2073 1241 2194 laudem
1313 2085 1315 2092 ⁴

117 2179 327 2268 appetimus,
351 2193 390 2242 ut
400 2171 462 2242 det
484 2177 821 2264 simileselliciamur.
871 2177 918 2244 At
933 2176 1024 2242 nulla
1048 2171 1213 2246 anausim
1269 2258 1271 2268 γ

88 2323 89 2332 1
115 2281 204 2346 Deo
212 2275 312 2356 nobis
340 2276 463 2343 clarior
486 2293 521 2343 et
545 2277 705 2345 illustrior
729 2279 878 2344 occurrit
902 2300 960 2358 ea,
995 2299 1061 2391 qua
1089 2276 1208 2388 generi

116 2365 292 2446 hominum
319 2397 388 2467 ope
420 2393 456 2442 et
476 2375 582 2468 gratia
611 2375 784 2461 22222112,
812 2380 995 2466 omniaque
1016 2376 1206 2442 iustissimo

116 2477 261 2596 imperio
285 2476 492 2548 moderatur
522 2477 593 2548 Ε2
617 2474 765 2568 namque
787 2499 890 2542 omne
914 2479 993 2564 piae
1012 2477 1214 2542 ueneratio·

37 2627 40 2632 -
116 2581 168 2648 nis
185 2574 351 2658 studium,
377 2593 413 2644 et
432 2580 635 2650 castissimae
656 2578 826 2668 religionis
850 2578 1065 2644 sanctitatem
1083 2576 1209 2646 excita-

83 2671 177 2748 *uit
235 2673 443 2760 Eaeffecit,
480 2693 605 2746 utnon
629 2677 739 2743 modo
764 2678 873 2747 saneti
906 2677 1109 2764 scriptores,
1145 2671 1211 2740 sed
1268 2675 1272 2712 ¹

67 2834 70 2838 .
118 2782 220 2846 etiam
245 2788 372 2868 poetae
390 2775 514 2844 Graeci
538 2795 695 2871 atque
661 2779 784 2844 Latini
799 2791 1070 2869 praepotentem
1084 2776 1214 2864 neum,
1256 2834 1257 2840 ,
1331 2795 1341 2860 j

117 2880 263 2946 deorum
289 2893 337 2975 et
343 2879 519 2948 hominum
535 2863 721 2996 patentem
743 2876 966 2998 appellarent·
1019 2876 1112 2973 Ergo
1133 2899 1216 2948 2222

117 2982 276 3048 baanna
307 2979 450 3062 uirtute,
490 3001 596 3074 quae
606 2979 718 3070 posita
752 2995 805 3046 est
824 2979 871 3044 12
894 2978 1052 3042 &humano
1081 3001 1209 3068 genere
1277 3021 1300 3043 .-

116 3076 267 3167 tuendo,
293 3081 435 3148 maxitne
453 3083 619 3168 possimus
641 3079 768 3152 distare
790 3077 859 3144 ab
848 3080 1059 3144 immanitate
1081 3078 1232 3146 bellua

118 3203 210 3264 rum,
243 3194 279 3246 et
303 3175 441 3248 diuinae
463 3197 605 3250 naturae
633 3178 886 3262 similitudinem
912 3181 1094 3266 attingere:
1126 3177 1210 3270 quid

118 3279 257 3350 tandem
283 3277 326 3348 ud
347 3276 531 3350 claritatem
548 3279 773 3346 nominis‘illa
790 3277 864 3348 fieri
886 3282 1003 3372 potest
1024 3279 1213 3346 illustriust:
1296 3367 1298 3379 Δ

121 3364 293 3471 Quantum
307 3398 392 3448 uero
409 3381 604 3450 uniuersum
620 3400 729 3469 genus
740 3379 946 3468 hominum
936 3381 1094 3451 rustitiani
1116 3399 1210 3445 ama·
1211 3415 1216 3434 .
1238 3385 1241 3396 ’

119 3495 189 3560 ret,
216 3493 332 3574 aperte
349 3476 552 3557 declaratis:
578 3501 655 3552 cum
672 3503 748 3546 sese
764 3477 827 3548 illis
847 3477 1035 3566 regendum
1057 3475 1214 3562 tradidit,

53 3586 57 3590 ’
120 3581 178 3671 qui
193 3580 318 3648 iustitia
337 3575 537 3650 excellentes
554 3592 627 3646 esse
642 3578 858 3650 uidebantur.
902 3567 1026 3658 Omnia
1041 3575 1211 3668 siquidem

120 3699 231 3794 regua
245 3687 282 3747 et
296 3679 437 3772 imperia
454 3679 638 3768 singulari'
628 3681 775 3749 iustitiae
794 3693 829 3744 et
848 3671 1025 3780 aequitatis
1042 3680 1211 3766 opinione

122 3778 306 3852 constituta
335 3793 426 3851 2222
482 3779 656 3870 Pn'ucipio
690 3780 882 3854 enimcum
913 3776 1067 3870 noudum
1094 3778 1212 3846 essent

121 3875 276 3949 homines
292 3892 387 3946 certo
404 3879 479 3958 iupa
496 3877 663 3963 deuincti,
691 3880 869 3968 omnisque
885 3878 953 3971 uita
975 3879 1096 3950 mutuis
1122 3893 1214 3948 esset

119 3979 250 4050 iniuriis
274 3992 309 4046 ct
332 3975 492 4048 caedibus
514 3978 658 4049 infestat
693 3979 734 4062 ii,
760 3979 856 4076 quia
882 3961 1210 4069 potentioribusin

42 4087 45 4101 ’
121 4077 223 4170 digne
240 4077 502 4172 premebantur,
528 4076 773 4200 confugiebant
796 4077 840 4146 ad
859 4079 1036 4174 aliquem
1025 4082 1150 4150 iustitia
1176 4086 1212 4144 et
1276 4104 1280 4110 ’

117 4175 190 4275 fide
211 4193 460 4280 praestantem,
486 4180 545 4274 qui
567 4177 658 4250 ab
627 4202 675 4248 222
686 4166 846 4250 iniuriam
860 4178 1094 4276 propulsaret.
1143 4178 1212 4246 Hic
1308 4223 1328 4274 Ι,

121 4265 234 4347 2212222
265 4271 407 4350 aliorum
435 4278 591 4373 quidem
607 4282 677 4380 uim
711 4294 747 4347 at
776 4282 941 4369 impetum
969 4275 1210 4368 reprimend93
1253 4325 1258 4342 .
