2860 4740
796 35 802 62 ,
881 35 884 42 .

358 110 367 142 Ι
498 90 505 117 l
629 93 689 149 .''
768 83 771 98 1
989 91 991 96 V
1115 121 1124 150 r

348 179 878 356 ΒΒΒΒΒΡΒΒΒΒΒ.
1173 207 1241 314 Β]

16 483 21 492 ,
59 490 64 505 ἢ
97 413 183 483 nihil
214 425 266 480 est
292 411 329 482 in
358 409 443 484 illis
454 427 524 476 tam
556 409 628 475 dira
661 391 775 498 poena
804 413 1014 502 sancitum,.,·
1029 435 1129 502 quam
1150 435 1196 485 ne
1249 431 1252 438 '

99 519 175 606 quis
196 505 348 586 honores
371 493 523 594 ambiat,
538 535 597 578 ΒΒΒ·
603 513 835 600 principatum
856 532 1011 604 appetat,
1032 541 1077 582 ne
1099 519 1197 608 cupi·
1312 535 1319 546 ’
1349 523 1373 594 J

99 605 207 685 ditate
241 616 352 682 laudis
391 615 607 696 efferatur,
605 619 731 702 usqu'e
767 616 854 682 adeo
889 633 929 684 ut
962 639 1065 684 omne
1099 620 1199 686 Chri-

80 723 230 788 ‘st'ianae
252 711 389 810 pietatis
418 716 720 788 fundamentum
707 739 747 783 tn
773 721 1038 834 'contemptione
1066 720 1197 809 gloriae

100 825 277 898 consistat.
334 819 428 907 Quid
449 822 576 907 igitur?
607 835 648 883 ut
670 817 830 884 situel
820 841 856 884 rn
878 822 1010 900 casibus
1032 823 1198 916 humanis,

91 922 184 1006 uel
174 943 215 996 tn
234 923 415 990 doctorum
436 917 613 1030 hpminnm
627 921 761 1010 scriptis
786 935 883 986 tanta
906 917 1092 992 dissensio:
1114 949 1242 1006 unm

98 1024 136 1090 id
166 1021 269 1092 etiam
300 1019 442 1087 coelesti
462 993 671 1107 disciplinae
699 1007 922 1088 tribuendum
946 1019 1015 1102 ΒΒΒ,
1048 1042 1088 1092 ut
1107 1014 1198 1096 illius

97 1121 292 1216 praeceptis
297 1101 465 1191 imbuti
492 1111 667 1215 explicar'e
695 1145 946 1222 nequeamus,
972 1129 1061 1192 sitne
1093 1121 1208 1214 nobis
1371 1165 1376 1186 ι

101 1227 210 1315 gloria
241 1223 520 1311 consectanda,
532 1247 576 1288 an
609 1246 739 1312 summa
774 1229 891 1322 potius
922 1229 1026 1340 animp‘
1056 1246 1199 1298 conten-
1379 1228 1381 1239 ¹

100 1327 199 1414 tiorie
217 1327 458 1424 repellenda?
516 1317 586 1394 sed
622 1333 782 1404 nimirum
796 1302 892 1394 nibil
926 1320 1045 1399 animis
1073 1337 1200 1399 nostris

100 1432 300 1548 impressum
325 1449 360 1498 et
382 1437 533 1502 inustum
556 1443 626 1511 est,
648 1431 692 1532 ip
708 1452 777 1516 quo
799 1451 881 1494 non
893 1407 1057 1498 diuinum
1070 1432 1200 1500 benefi-
1264 1500 1267 1508 s
1346 1465 1353 1486 ι
1388 1459 1394 1471 ·

16 1559 18 1566 ’
104 1535 195 1598 cium
240 1555 423 1634 agnoscere
461 1509 665 1615 ualeamus;
702 1551 768 1596 nos
795 1547 919 1596 tamen
955 1532 1020 1599 illis
1056 1531 1246 1610 naturae'

96 1631 294 1738 principiis,
318 1659 405 1728 quae
414 1621 529 1700 nobis
544 1633 587 1696 ad
603 1583 746 1703 salntem
766 1632 894 1696 tributa
916 1648 1008 1714 sunt,
1034 1659 1202 1724 peruerse

103 1752 260 1838 utentes,
301 1754 422 1803 nostra
468 1737 673 1837 dementia
665 1736 727 1818 in
763 1731 951 1822 perniciem
986 1737 1207 1810 incurrimus.

103 1841 225 1906 Nam
215 1862 282 1920 ΒΒΒ
306 1839 490 1958 cupiditas,
512 1829 608 1927 spes,
630 1853 751 1922 metus,
774 1833 890 1920 dolor,
911 1835 1082 1928 uoluptas
1093 1855 1128 1906 et
1148 1862 1204 1908 ra
1232 1861 1239 1888 t
1295 1873 1304 1883 ·

44 2025 47 2034 ἕ
103 1927 209 2031 lique
220 1944 354 2043 generis
378 1942 556 2018 eiusdem,
577 1941 703 2032 quibus
727 1941 858 2006 animos
880 1937 937 2004 uel
957 1932 1115 2026 incendi,
1145 1934 1216 2008 uel

103 2049 292 2133 restingui,
331 2043 388 2111 uel
415 2047 568 2126 incitari,
606 2042 664 2109 uel
693 2042 842 2126 remitti,
883 2039 941 2110 uel
972 2041 1106 2126 efferri,
1145 2037 1204 2110 uel
1274 2123 1278 2128 .
1338 2115 1342 2136 ¹

106 2149 282 2234 contrahi,
310 2146 368 2211 uel
395 2147 460 2211 alio
499 2148 622 2236 quouis
651 2161 754 2234 paeto
790 2145 1003 2246 commoneri
1026 2159 1063 2212 et
1084 2148 1204 2234 agitari
1249 2201 1254 2207 .

105 2248 288 2322 sentimus,
314 2247 416 2322 nobis
448 2227 575 2312 tlonata
597 2264 695 2340 sunt,
731 2229 1138 2334 utnoxiarepellentes,
1169 2261 1238 2324 et

16 2355 17 2358 ’
89 2339 278 2440 'salutaria
290 2343 511 2438 asciscentes,
532 2363 676 2418 naturae
699 2363 824 2414 statum
848 2367 1105 2428 conservemus.
1136 2369 1203 2414 nos
1246 2327 1266 2374 l
1299 2367 1314 2388 ·

36 2457 44 2466 '
104 2473 192 2518 uero
216 2471 256 2514 ΒΒ
275 2443 480 2536 plerumque
499 2453 611 2514 omnia
637 2451 680 2515 ad
702 2449 868 2536 flagitium
894 2461 998 2534 atque
1020 2449 1113 2530 uitae
1141 2472 1206 2536 pe·
1256 2453 1277 2526 J
1357 2487 1361 2497 ,

16 2587 18 2590 ·
105 2545 192 2634 stem
217 2548 437 2615 conferimbs.
493 2550 573 2636 Quo
604 2566 718 2614 autem
740 2563 820 2628 sunt
842 2545 898 2610 illa
921 2549 1052 2613 maiora
1076 2565 1111 2616 et
1133 2572 1206 2618 am·

16 2681 17 2686 ¹
105 2652 249 2743 plima,
265 2673 353 2741 quae
377 2654 585 2739 accepimus,
619 2675 661 2717 eo
686 2673 725 2717 ex
734 2648 892 2714 illorum
906 2650 1012 2716 abusu
1036 2653 1205 2745 grauiori·
1282 2655 1285 2672 '

106 2757 183 2821 bus
200 2751 305 2818 malis
324 2751 558 2870 implicamur.
599 2752 758 2838 Largitus
789 2767 841 2816 est
871 2753 962 2830 enim
984 2751 1081 2825 Deus
1102 2752 1205 2822 nobis
1261 2755 1273 2773 ‘

82 2837 294 2937 rationem,
332 2875 398 2952 qua
421 2845 578 2920 maxime
588 2876 605 2918 a
617 2844 751 2920 belluis
775 2852 960 2934 distemus,
992 2869 1029 2920 et
1051 2854 1094 2920 ad
1118 2855 1252 2921 diui·

107 2981 199 3058 p·am
212 2972 370 3022 naturam
399 2958 539 3045 propius
569 2955 789 3020 accedamus·
825 2977 889 3024 nos
921 2969 1036 3048 autem
1060 2947 1219 3039 eandem

107 3029 355 3178 saepenumero
384 3061 550 3124 rationem
579 3059 647 3124 huc
676 3075 710 3123 et
737 3056 818 3136 illuc
842 3075 1036 3143 uersantes,
1069 3084 1109 3162 ea
1131 3085 1206 3128 sce-

109 3162 181 3228 lera
210 3162 438 3248 concipimus,
473 3175 519 3224 ut
542 3153 672 3226 belluas
699 3161 803 3254 etiam
831 3162 1043 3228 immanitate
1064 3187 1247 3250 supere-
1283 3218 1286 3225 .

109 3259 196 3332 inus.
247 3265 423 3328 Habemus
444 3265 559 3328 *etiam
588 3285 606 3327 a
636 3247 758 3328 natura
789 3257 919 3326 animos
947 3262 1104 3333 imbutos
1127 3262 1207 3328 reli·
1279 3291 1282 3298 ¹

110 3371 235 3460 gione,
262 3387 346 3454 qua
357 3367 509 3445 incitati,
538 3362 804 3481 praecellentem
824 3359 917 3426 illa'm
936 3379 1094 3427 naturam
1117 3362 1207 3444 diui·
1265 3367 1307 3414 Β·

34 3503 41 3512 ·
108 3491 293 3558 namque
281 3470 358 3534 uim,
374 3467 551 3532 bominum
574 3468 694 3554 generi
724 3461 975 3553 consulentem
972 3449 1206 3550 exoperibus
1296 3453 1302 3533 s

23 3585 36 3594 “
109 3581 353 3665 agnoscentes,
407 3588 481 3634 eam
525 3572 715 3636 castissimo
754 3569 961 3657 pietatisque
1009 3562 1206 3657 plenissimo

110 3674 206 3745 cultu
234 3693 450 3736 ueneremur.
507 3671 556 3736 At
591 3657 769 3736 bominum
809 3668 956 3734 amentia
984 3665 1134 3732 factum
1145 3681 1207 3753 est,
1280 3716 1283 3734 .

88 3773 150 3844 ‘ut
181 3775 222 3846 ab
254 3767 314 3835 illo
343 3775 485 3839 naturae
516 3775 621 3840 sensu
650 3773 834 3841 duceretur
857 3759 951 3858 omni
959 3753 1101 3864 'scelere
1124 3792 1208 3852 con·
1269 3797 1284 3810 ·

61 3935 70 3954 ,
110 3877 275 3946 taminata
311 3875 533 3958 superstitio,
563 3895 651 3960 quae
684 3871 759 3934 fusa
786 3891 855 3958 per
885 3891 1003 3941 omnes
1035 3871 1215 3957 nationes,

109 3977 225 4046 multis
247 3969 369 4040 seculis
392 3975 543 4036 omnium
564 3973 637 4038 fere
659 3975 790 4037 animos
814 3959 1041 4062 opprimeret,
1078 3975 1240 4062 morta-'

16 4121 20 4136 ,
110 4078 230 4168 lesque
261 4075 322 4138 mis
327 4073 404 4139 eriis
435 4071 575 4140 inlin‘itis
603 4072 815 4164 implicatos
818 4087 852 4138 et
875 4079 1089 4142 constrictos
1105 4092 1209 4166 tene

110 4195 177 4246 ret·
236 4173 331 4246 Nihil
353 4175 525 4266 denique,
567 4200 613 4246 ue
635 4178 731 4270 plura
752 4195 957 4270 persequar,
991 4194 1044 4246 est
1064 4180 1208 4270 ΒοΒΒΒΒ
1268 4255 1272 4258 ,

680 4280 956 4382 „A2

1261 889 1266 905 t
1348 888 1353 914 l
