2860 4732
310 177 315 184 .
396 173 397 180 ι
460 149 516 194 ,.
1235 195 1240 204 .

329 229 335 260 ¹
397 209 918 400 praeuenturus.
942 221 988 270 ⁸
1071 326 1075 342 ,
1144 209 1253 358 trost

54 431 236 524 dumg'
242 435 411 522 ingentes
436 430 513 498 illos
539 393 695 519 spiritus,
722 453 808 537 quos
835 434 1027 524 'arr'o'gantia
1052 455 1126 499 non
1153 426 1247 500 l'e-⁸

83 531 238 598 reuda
244 547 455 620 sumpserat,
495 533 608 598 statim
635 522 825 632 deponet‘
842 533 967 650 Quod
1004 533 1178 622 quidem
1167 559 1205 605 ιιι

114 633 207 698 omni
231 654 360 722 genere
394 631 489 696 cerm
521 645 649 720 potest.
705 611 862 712 Etenim,
905 635 979 726 quis
1015 650 1078 700 est
1097 649 1205 726 po'e'ta
1251 681 1259 702 ι
1305 707 1308 714 ,

84 704 228 820 paulo
239 733 375 814 sanior,
401 733 558 821 quinon
583 753 641 814 se,
675 753 749 796 cum
769 734 808 799 in
833 732 1051 814 Homerum
1048 751 1107 801 aut
1131 734 1204 800 Ma*

109 853 234 915 ronem
256 833 460 918 respexerit,
495 832 653 920 protinus
658 825 839 900 abiiciat?
864 835 1004 950 Quem
1032 847 1204 902 oratorem

78 1015 80 1026 1
108 911 357 1015 Demosthenis
391 945 450 996 aut
475 931 653 996 Ciceronis
679 929 816 996 ubertas
851 942 897 999 et
913 932 1134 1032 amplitudo
1129 955 1204 1002 non
1297 939 1302 962 ‘

107 1021 306 1096 modestum
331 1017 478 1095 reddat?
531 1030 634 1120 Cuius
660 1031 876 1119 imperatoris
902 1011 1120 1099 insolentiam
1147 1057 1206 1100 res

110 1129 152 1194 ab
183 1127 398 1196 Alexandroe
419 1145 477 1195 aut
510 1152 529 1194 a
566 1107 747 1195 Caesare
731 1146 873 1222 gestae
910 1156 985 1204 non
1006 1130 1208 1224 frangeret

67 1263 70 1266 ·
109 1229 235 1330 Οιιιιι
224 1231 327 1326 igitur
351 1229 437 1296 haec
462 1244 592 1294 natura
609 1232 731 1295 rerum
746 1233 808 1314 sit,
835 1249 872 1300 ut
891 1253 1028 1322 semper
1049 1253 1114 1298 nos
1137 1255 1214 1299 no··
1294 1231 1307 1242 ‘

107 1331 392 1446 stri-poeniteat,
434 1331 569 1416 quoties
601 1333 723 1404 mentis
757 1280 864 1396 aciem
899 1331 952 1412 ad,
970 1332 1090 1398 altiora
1117 1353 1202 1402 con·
1265 1353 1296 1387 ·-

25 1467 28 1480 ι
106 1431 294 1495 uertimust
335 1428 419 1521 quid
442 1427 582 1497 tandem
603 1429 809 1494 Christianis
836 1426 1038 1504 hominibus
1060 1447 1202 1500 euentu·
1211 1487 1215 1494 .
1241 1459 1248 1482 ι

106 1523 182 1594 rum
208 1527 442 1625 suspicamur?
492 1523 554 1593 Est'
575 1529 679 1591 enim
676 1529 836 1592 hominis
860 1531 1042 1596 Christiani
1065 1553 1208 1621 munus,¹

105 1647 180 1692 non
207 1627 316 1692 modo
338 1626 463 1700 mundi
489 1624 647 1706 ornatum
682 1643 717 1693 et
742 1617 1028 1732 magnificentiam
1053 1633 1199 1713 intueri;

105 1726 168 1792 sed
193 1727 300 1816 longe
326 1725 423 1792 altius
451 1724 583 1810 extolli,
612 1743 824 1815 naturaeque
850 1723 954 1795 totius
981 1729 1201 1807 architectum
1270 1801 1277 1816 ἱ
1370 1729 1373 1738 ’

25 1831 28 1848 ’
106 1801 241 1893 assidue
268 1825 503 1916 contemplari.
554 1827 642 1892 Sic
631 1831 732 1918 igitur
747 1825 795 1911 fit,
824 1845 899 1893 cum
918 1830 1047 1894 animus
1065 1831 1102 1927 in
1125 1841 1200 1904 cot

60 1978 64 1988 .
104 1949 192 2014 pore
225 1947 388 2008 manens,
424 1949 443 1990 e
462 1947 616 2015 corpore
648 1943 764 1991 tamen
797 1927 910 2000 studio
947 1925 995 1996 ei
1014 1919 1200 2051 agitatione

103 2029 242 2094 mentis
250 1975 410 2109 excedit,
438 2042 489 2110 et,
516 2025 631 2114 quoad
657 2025 708 2090 fas
731 2043 800 2110 est,
828 2026 965 2098 diuinae
990 2031 1121 2095 uirtutis
1147 2019 1200 2094 lu
1243 2039 1246 2044 ’
1300 2027 1302 2034 ’
1330 2097 1332 2104 ,

25 2199 30 2215 x
106 2141 182 2193 cem
207 2127 328 2208 uidet,
362 2143 401 2197 ut
424 2149 461 2191 se
488 2142 632 2218 repente
652 2149 782 2215 suaque
808 2130 941 2212 omnia,
977 2145 1011 2195 et
1036 2109 1200 2222 quicquid
1323 2161 1329 2189 ·.

41 2293 43 2302 ,
105 2245 208 2297 antea
237 2226 384 2317 amplum
406 2242 440 2292 et
459 2226 586 2292 illustre
609 2227 789 2309 censebat,
814 2226 939 2293 humile
961 2244 996 2293 et
1017 2227 1199 2304 obscurum
1244 2236 1274 2314 ᾗ

103 2329 255 2457 iudicet3
281 2327 468 2416 nihilque'
457 2351 494 2392 ιιι
514 2329 582 2416 uita
604 2327 790 2433 pulchrum
818 2343 852 2392 et
876 2328 1059 2392 honestum
1085 2328 1198 2392 existi

103 2446 193 2512 met,
195 2381 318 2517 q'hod
343 2449 416 2492 non
440 2429 585 2493 senserit
610 2450 685 2492 esse
713 2427 872 2495 claritate
885 2409 942 2493 illa
968 2426 1080 2494 diuini
1099 2426 1197 2491 lumi

102 2531 157 2594 nis
183 2495 409 2597 illustratum.
438 2526 598 2592 Omnes
588 2529 690 2616 rgitur
708 2527 870 2618 humanas
893 2531 995 2616 opes,
1020 2528 1093 2590 siue
1117 2524 1196 2593 illae

94 2628 151 2694 ¹ad
168 2626 335 2716 corporis'
353 2621 494 2708 cultum,
517 2629 595 2692 siue
613 2626 657 2692 ad
680 2643 837 2693 ornatum
864 2629 967 2693 animi
989 2629 1196 2716 pertineant,
1255 2621 1259 2629 ’

25 2747 35 2774 ⁵
103 2731 218 2820 parui
230 2726 377 2811 iaciens,
401 2726 464 2791 ·dt'a
493 2719 680 2793 exardescit
712 2725 756 2790 ad
780 2724 866 2816 illius
882 2717 1037 2813 ,diuinae
1062 2723 1196 2796 formae

73 2879 75 2884 .
106 2827 348 2918 cupiditatem,
381 2842 421 2893 ut
445 2826 529 2892 nihil
557 2825 647 2892 aliud
674 2829 818 2941 cogitet,
856 2823 942 2894 nihil
966 2841 1076 2910 amet,
1111 2823 1195 2890 nihil

32 3003 34 3006 Ι
106 2930 243 3016 cupiat;
279 2927 343 2992 sed
366 2929 482 3016 potius
510 2925 667 2990 omnibus
695 2924 849 3013 corporis
877 2943 911 2992 et
931 2929 1039 2996 animi
1064 2924 1194 3036 uiribus
1299 2927 1304 2938 ’

25 3011 44 3029 “
105 3025 154 3092 ad
182 3047 346 3093 summum
384 3025 469 3092 illud
506 3013 635 3094 honum
668 3023 849 3142 fruendgm
883 3028 1054 3105 incitetur.
1082 3023 1195 3098 'Hoc

61 3117 66 3138 ⁸
104 3133 226 3198 aute'm
243 3125 313 3196 tarir
337 3123 458 3214 illustri
478 3121 683 3250 spectaculo
709 3093 816 3198 r'nultd
850 3123 974 3194 clarior
998 3097 1114 3194 indies
1143 3143 1193 3192 at-

103 3251 173 3316 que
198 3229 299 3296 altior
322 3205 396 3296 lit.
424 3229 512 3294 Cum
539 3229 630 3292 enim
656 3227 859 3293 amoreDei
880 3228 1022 3316 flagret:
1043 3241 1192 3296 mentem
1276 3267 1281 3284 .

105 3328 164 3392 ad
176 3327 262 3394 illius
288 3345 462 3420 aspectum
496 3327 656 3394 ardenter
689 3329 822 3394 excitat.
871 3327 955 3414 Quo
984 3343 1095 3391 autem
1121 3341 1191 3392 ma
1229 3382 1259 3400 .,

102 3429 154 3518 gis
179 3428 238 3493 illo
265 3433 425 3518 aspicem,
459 3433 623 3514 quantum
649 3443 781 3515 potest,
807 3429 844 3489 in
869 3425 934 3490 hac
959 3427 1029 3490 uita
1053 3423 1191 3518 Fruitur:

104 3551 148 3593 eo
177 3528 415 3625 ‘uehementius
446 3528 680 3595 inflammatur.
745 3525 803 3590 Sic
835 3540 947 3594 autem
982 3524 1115 3606 euenit,
1154 3540 1192 3595 ut

102 3629 297 3720 progressio
323 3631 360 3694 in
386 3627 522 3698 diuinae
554 3641 697 3691 naturae
731 3626 928 3719 cognitione
955 3644 1105 3690 amorem
1133 3645 1192 3690 au

55 3742 58 3760 ¹
102 3745 200 3816 geat;
228 3751 322 3825 amor
333 3745 460 3822 autem
489 3743 606 3793 auctus
625 3726 802 3792 clariorem
826 3723 937 3788 indies
951 3723 1191 3816 cognitionem

102 3823 245 3894 efficiat·
236 3845 373 3919 ,atque
393 3829 441 3894 ita
467 3827 606 3893 tandem
631 3824 787 3892 homines
815 3825 879 3892 alta
907 3823 1052 3946 quadam
1075 3840 1191 3912 mente

99 3927 296 4034 praeditos,
328 3926 446 4018 adsui
471 3930 763 4018 contemptionem
789 3923 944 4017 quotidie
965 3927 1069 4018 magis
1088 3914 1190 3989 indu·
1274 3947 1276 3956 ’

102 4047 166 4098 cat.
207 4027 340 4148 Auget
377 4029 479 4092 etiam
518 4031 654 4092 interim
684 4029 918 4114 uehementer
956 4024 1189 4142 humilitatem,

101 4129 237 4218 quod'
226 4155 265 4198 ιιι
296 4127 354 4198 illa
388 4127 530 4194 coelesti
556 4127 638 4192 luce
670 4127 784 4204 multa
806 4141 924 4192 nostra
942 4123 1057 4232 uitia,
1100 4147 1191 4244 quae

102 4243 201 4294 antea
225 4229 397 4312 latebant,
425 4227 543 4294 clare
541 4231 726 4314 cernimus;
734 4229 811 4294 ita
832 4243 875 4296 ιιι
899 4248 969 4320 quo
988 4222 1101 4318 magis
1127 4228 1190 4291 im·

528 4357 538 4366 ,
869 4335 939 4398 M2

168 4491 222 4526 ιι.
