<?xml version="1.0" encoding="UTF-8"?>
<!DOCTYPE html PUBLIC "-//W3C//DTD XHTML 1.0 Transitional//EN"
    "http://www.w3.org/TR/xhtml1/DTD/xhtml1-transitional.dtd">
<html xmlns="http://www.w3.org/1999/xhtml" xml:lang="en" lang="en">
 <head>
  <title>
</title>
<meta http-equiv="Content-Type" content="text/html;charset=utf-8" />
  <meta name='ocr-system' content='tesseract 3.04.00' />
  <meta name='ocr-capabilities' content='ocr_page ocr_carea ocr_par ocr_line ocrx_word'/>
</head>
<body>
  <div class='ocr_page' id='page_1' title='image "./hieronymiosorii00sarpgoog_0183.png"; bbox 0 0 2860 4732; ppageno 0'>
   <div class='ocr_carea' id='block_1_1' title="bbox 247 311 985 398">
    <p class='ocr_par' dir='ltr' id='par_1_1' title="bbox 247 311 985 398">
     <span class='ocr_line' id='line_1_1' title="bbox 247 311 985 398; baseline 0.008 -26"><span class='ocrx_word' id='word_1_1' title='bbox 247 317 324 392; x_wconf 62' lang='grc' dir='ltr'>,ιιι</span> <span class='ocrx_word' id='word_1_2' title='bbox 606 311 704 378; x_wconf 66' lang='grc' dir='ltr'><strong>τοι</strong></span> <span class='ocrx_word' id='word_1_3' title='bbox 733 311 985 398; x_wconf 72' lang='lat' dir='ltr'><strong>ononis</strong></span> 
     </span>
    </p>
   </div>
   <div class='ocr_carea' id='block_1_2' title="bbox 386 448 391 474">
    <p class='ocr_par' dir='ltr' id='par_1_2' title="bbox 386 448 391 474">
     <span class='ocr_line' id='line_1_2' title="bbox 386 448 391 474; baseline 0 0"><span class='ocrx_word' id='word_1_4' title='bbox 386 448 391 474; x_wconf 91' lang='lat' dir='ltr'><strong>l</strong></span> 
     </span>
    </p>
   </div>
   <div class='ocr_carea' id='block_1_3' title="bbox 109 475 1416 4353">
    <p class='ocr_par' dir='ltr' id='par_1_3' title="bbox 109 475 1416 4353">
     <span class='ocr_line' id='line_1_3' title="bbox 253 475 1366 602; baseline -0.006 -49"><span class='ocrx_word' id='word_1_5' title='bbox 253 505 373 573; x_wconf 75' lang='lat' dir='ltr'><strong>terrae</strong></span> <span class='ocrx_word' id='word_1_6' title='bbox 395 487 501 568; x_wconf 30' lang='lat' dir='ltr'><strong>situm,</strong></span> <span class='ocrx_word' id='word_1_7' title='bbox 519 496 553 546; x_wconf 82' lang='lat' dir='ltr'><strong>et</strong></span> <span class='ocrx_word' id='word_1_8' title='bbox 575 475 941 572; x_wconf 74' lang='lat' dir='ltr'><strong>nircumscripttonern,</strong></span> <span class='ocrx_word' id='word_1_9' title='bbox 975 484 1032 572; x_wconf 90' lang='lat' dir='ltr'><strong>qui</strong></span> <span class='ocrx_word' id='word_1_10' title='bbox 1057 482 1156 602; x_wconf 78' lang='lat' dir='ltr'><strong>maris</strong></span> <span class='ocrx_word' id='word_1_11' title='bbox 1178 483 1366 548; x_wconf 81' lang='lat' dir='ltr'><strong>immensi-</strong></span> 
     </span>
     <span class='ocr_line' id='line_1_4' title="bbox 260 575 1365 677; baseline -0.008 -18"><span class='ocrx_word' id='word_1_12' title='bbox 260 583 385 670; x_wconf 79' lang='lat' dir='ltr'><strong>tatem,</strong></span> <span class='ocrx_word' id='word_1_13' title='bbox 415 591 473 677; x_wconf 91' lang='lat' dir='ltr'><strong>qui</strong></span> <span class='ocrx_word' id='word_1_14' title='bbox 496 587 580 650; x_wconf 77' lang='lat' dir='ltr'><strong>ae‘ris</strong></span> <span class='ocrx_word' id='word_1_15' title='bbox 603 583 797 669; x_wconf 84' lang='lat' dir='ltr'>circumfusi</span> <span class='ocrx_word' id='word_1_16' title='bbox 824 601 979 651; x_wconf 84' lang='lat' dir='ltr'><strong>naturam</strong></span> <span class='ocrx_word' id='word_1_17' title='bbox 1003 587 1180 676; x_wconf 84' lang='lat' dir='ltr'><strong>totiusque</strong></span> <span class='ocrx_word' id='word_1_18' title='bbox 1202 575 1365 650; x_wconf 79' lang='lat' dir='ltr'><strong>aetheris</strong></span> 
     </span>
     <span class='ocr_line' id='line_1_5' title="bbox 253 655 1367 796; baseline -0.008 -36.786"><span class='ocrx_word' id='word_1_19' title='bbox 253 694 445 774; x_wconf 76' lang='lat' dir='ltr'><strong>ardorem,</strong></span> <span class='ocrx_word' id='word_1_20' title='bbox 471 689 531 778; x_wconf 89' lang='lat' dir='ltr'><strong>qui</strong></span> <span class='ocrx_word' id='word_1_21' title='bbox 560 655 693 752; x_wconf 89' lang='lat' dir='ltr'><strong>coelum</strong></span> <span class='ocrx_word' id='word_1_22' title='bbox 719 668 876 796; x_wconf 82' lang='lat' dir='ltr'><strong>undique</strong></span> <span class='ocrx_word' id='word_1_23' title='bbox 908 688 1074 754; x_wconf 76' lang='lat' dir='ltr'>sideribus</span> <span class='ocrx_word' id='word_1_24' title='bbox 1097 682 1294 752; x_wconf 88' lang='lat' dir='ltr'><strong>distinctum</strong></span> <span class='ocrx_word' id='word_1_25' title='bbox 1323 703 1367 751; x_wconf 82' lang='lat' dir='ltr'><strong>et</strong></span> 
     </span>
     <span class='ocr_line' id='line_1_6' title="bbox 173 775 1366 881; baseline -0.008 -20"><span class='ocrx_word' id='word_1_26' title='bbox 173 810 176 818; x_wconf 84' lang='grc'><em>“</em></span> <span class='ocrx_word' id='word_1_27' title='bbox 263 809 436 870; x_wconf 81' lang='lat' dir='ltr'><strong>ornatum,</strong></span> <span class='ocrx_word' id='word_1_28' title='bbox 473 793 532 881; x_wconf 91' lang='lat' dir='ltr'><strong>qui</strong></span> <span class='ocrx_word' id='word_1_29' title='bbox 553 775 735 876; x_wconf 80' lang='grc' dir='ltr'>ρόειιιιιιιό</span> <span class='ocrx_word' id='word_1_30' title='bbox 755 788 864 851; x_wconf 87' lang='lat' dir='ltr'><strong>totius</strong></span> <span class='ocrx_word' id='word_1_31' title='bbox 887 789 1003 852; x_wconf 90' lang='lat' dir='ltr'><strong>mundi</strong></span> <span class='ocrx_word' id='word_1_32' title='bbox 1025 787 1291 855; x_wconf 81' lang='lat' dir='ltr'><strong>concinnitatem</strong></span> <span class='ocrx_word' id='word_1_33' title='bbox 1319 803 1366 852; x_wconf 81' lang='lat' dir='ltr'><strong>et</strong></span> 
     </span>
     <span class='ocr_line' id='line_1_7' title="bbox 255 891 1363 980; baseline -0.008 -17"><span class='ocrx_word' id='word_1_34' title='bbox 255 894 494 980; x_wconf 74' lang='lat' dir='ltr'><strong>‘admirabilem</strong></span> <span class='ocrx_word' id='word_1_35' title='bbox 513 899 626 957; x_wconf 86' lang='lat' dir='ltr'><strong>reruni</strong></span> <span class='ocrx_word' id='word_1_36' title='bbox 646 891 802 954; x_wconf 89' lang='lat' dir='ltr'><strong>omnium</strong></span> <span class='ocrx_word' id='word_1_37' title='bbox 825 894 1102 956; x_wconf 85' lang='lat' dir='ltr'><strong>conuenientiam</strong></span> <span class='ocrx_word' id='word_1_38' title='bbox 1124 892 1363 980; x_wconf 81' lang='lat' dir='ltr'><strong>contemplari</strong></span> 
     </span>
     <span class='ocr_line' id='line_1_8' title="bbox 162 975 1361 1110; baseline -0.01 -43"><span class='ocrx_word' id='word_1_39' title='bbox 162 1061 164 1068; x_wconf 91' lang='lat'><em>.</em></span> <span class='ocrx_word' id='word_1_40' title='bbox 261 999 403 1078; x_wconf 88' lang='lat' dir='ltr'><strong>uolunt,</strong></span> <span class='ocrx_word' id='word_1_41' title='bbox 423 1017 537 1088; x_wconf 78' lang='lat' dir='ltr'><strong>nequa</strong></span> <span class='ocrx_word' id='word_1_42' title='bbox 558 975 672 1064; x_wconf 89' lang='lat' dir='ltr'><strong>satiari</strong></span> <span class='ocrx_word' id='word_1_43' title='bbox 693 1007 809 1056; x_wconf 86' lang='lat' dir='ltr'><strong>tantae</strong></span> <span class='ocrx_word' id='word_1_44' title='bbox 830 991 1089 1110; x_wconf 73' lang='lat' dir='ltr'><strong>pulchritudinis</strong></span> <span class='ocrx_word' id='word_1_45' title='bbox 1107 1009 1247 1082; x_wconf 87' lang='lat' dir='ltr'><strong>aspectu</strong></span> <span class='ocrx_word' id='word_1_46' title='bbox 1266 1015 1361 1082; x_wconf 86' lang='lat' dir='ltr'><strong>que-</strong></span> 
     </span>
     <span class='ocr_line' id='line_1_9' title="bbox 240 1090 1361 1222; baseline -0.009 -53"><span class='ocrx_word' id='word_1_47' title='bbox 240 1113 342 1184; x_wconf 68' lang='lat' dir='ltr'><strong>*unt,</strong></span> <span class='ocrx_word' id='word_1_48' title='bbox 368 1107 483 1222; x_wconf 72' lang='lat' dir='ltr'><strong>ireque</strong></span> <span class='ocrx_word' id='word_1_49' title='bbox 503 1094 593 1160; x_wconf 85' lang='lat' dir='ltr'><strong>illam</strong></span> <span class='ocrx_word' id='word_1_50' title='bbox 615 1109 758 1159; x_wconf 83' lang='lat' dir='ltr'><strong>naturae</strong></span> <span class='ocrx_word' id='word_1_51' title='bbox 779 1094 848 1186; x_wconf 82' lang='lat' dir='ltr'><strong>uim</strong></span> <span class='ocrx_word' id='word_1_52' title='bbox 870 1095 904 1156; x_wconf 90' lang='lat' dir='ltr'><strong>in</strong></span> <span class='ocrx_word' id='word_1_53' title='bbox 928 1095 1067 1181; x_wconf 85' lang='lat' dir='ltr'><strong>singulis</strong></span> <span class='ocrx_word' id='word_1_54' title='bbox 1090 1097 1223 1162; x_wconf 87' lang='lat' dir='ltr'><strong>rebus</strong></span> <span class='ocrx_word' id='word_1_55' title='bbox 1213 1090 1361 1160; x_wconf 81' lang='lat' dir='ltr'><strong>insitam</strong></span> 
     </span>
     <span class='ocr_line' id='line_1_10' title="bbox 115 1181 1358 1294; baseline -0.005 -24"><span class='ocrx_word' id='word_1_56' title='bbox 115 1213 120 1226; x_wconf 82' lang='grc'><em>“</em></span> <span class='ocrx_word' id='word_1_57' title='bbox 215 1275 222 1284; x_wconf 61' lang='grc'><strong>,</strong></span> <span class='ocrx_word' id='word_1_58' title='bbox 261 1205 431 1294; x_wconf 81' lang='lat' dir='ltr'><strong>ibgenio</strong></span> <span class='ocrx_word' id='word_1_59' title='bbox 428 1215 463 1265; x_wconf 85' lang='lat' dir='ltr'><strong>et</strong></span> <span class='ocrx_word' id='word_1_60' title='bbox 489 1203 623 1265; x_wconf 86' lang='lat' dir='ltr'><strong>ratione</strong></span> <span class='ocrx_word' id='word_1_61' title='bbox 649 1191 833 1284; x_wconf 66' lang='lat' dir='ltr'><strong>consequi.</strong></span> <span class='ocrx_word' id='word_1_62' title='bbox 866 1181 947 1282; x_wconf 86' lang='lat' dir='ltr'><strong>quid</strong></span> <span class='ocrx_word' id='word_1_63' title='bbox 971 1199 1014 1263; x_wconf 84' lang='lat' dir='ltr'><strong>de</strong></span> <span class='ocrx_word' id='word_1_64' title='bbox 1041 1197 1118 1264; x_wconf 87' lang='lat' dir='ltr'><strong>illo</strong></span> <span class='ocrx_word' id='word_1_65' title='bbox 1129 1199 1358 1288; x_wconf 82' lang='lat' dir='ltr'>praecellenti</span> 
     </span>
     <span class='ocr_line' id='line_1_11' title="bbox 191 1277 1358 1390; baseline -0.007 -18"><span class='ocrx_word' id='word_1_66' title='bbox 191 1309 232 1388; x_wconf 60' lang='lat'><strong>⁹,</strong></span> <span class='ocrx_word' id='word_1_67' title='bbox 263 1307 384 1372; x_wconf 86' lang='lat' dir='ltr'><strong>summi</strong></span> <span class='ocrx_word' id='word_1_68' title='bbox 406 1277 608 1370; x_wconf 83' lang='lat' dir='ltr'><strong>cbnditoris</strong></span> <span class='ocrx_word' id='word_1_69' title='bbox 617 1319 740 1388; x_wconf 84' lang='lat' dir='ltr'><strong>opere,</strong></span> <span class='ocrx_word' id='word_1_70' title='bbox 757 1296 859 1364; x_wconf 87' lang='lat' dir='ltr'><strong>cuius</strong></span> <span class='ocrx_word' id='word_1_71' title='bbox 884 1321 982 1366; x_wconf 83' lang='lat' dir='ltr'><strong>causa</strong></span> <span class='ocrx_word' id='word_1_72' title='bbox 1009 1303 1140 1383; x_wconf 87' lang='lat' dir='ltr'><strong>omnia,</strong></span> <span class='ocrx_word' id='word_1_73' title='bbox 1164 1323 1253 1390; x_wconf 89' lang='lat' dir='ltr'><strong>quae</strong></span> <span class='ocrx_word' id='word_1_74' title='bbox 1277 1325 1358 1365; x_wconf 83' lang='lat' dir='ltr'><strong>cer-</strong></span> 
     </span>
     <span class='ocr_line' id='line_1_12' title="bbox 252 1401 1358 1492; baseline -0.006 -17"><span class='ocrx_word' id='word_1_75' title='bbox 252 1413 373 1492; x_wconf 79' lang='lat' dir='ltr'><strong>¹nimus</strong></span> <span class='ocrx_word' id='word_1_76' title='bbox 396 1403 521 1484; x_wconf 83' lang='lat' dir='ltr'><strong>oculis,</strong></span> <span class='ocrx_word' id='word_1_77' title='bbox 544 1401 665 1467; x_wconf 84' lang='lat' dir='ltr'><strong>effecta</strong></span> <span class='ocrx_word' id='word_1_78' title='bbox 688 1404 785 1482; x_wconf 80' lang='lat' dir='ltr'><strong>su‘nt,</strong></span> <span class='ocrx_word' id='word_1_79' title='bbox 809 1403 960 1489; x_wconf 80' lang='lat' dir='ltr'><strong>cogitare</strong></span> <span class='ocrx_word' id='word_1_80' title='bbox 976 1401 1168 1468; x_wconf 76' lang='lat' dir='ltr'>debemus?</span> <span class='ocrx_word' id='word_1_81' title='bbox 1203 1405 1358 1470; x_wconf 77' lang='lat' dir='ltr'><strong>Constat</strong></span> 
     </span>
     <span class='ocr_line' id='line_1_13' title="bbox 238 1499 1375 1596; baseline 0.004 -25"><span class='ocrx_word' id='word_1_82' title='bbox 238 1515 366 1592; x_wconf 51' lang='lat' dir='ltr'><strong>renim,</strong></span> <span class='ocrx_word' id='word_1_83' title='bbox 389 1529 460 1572; x_wconf 92' lang='lat' dir='ltr'><strong>non</strong></span> <span class='ocrx_word' id='word_1_84' title='bbox 483 1527 523 1570; x_wconf 88' lang='lat' dir='ltr'><strong>ea</strong></span> <span class='ocrx_word' id='word_1_85' title='bbox 545 1500 673 1584; x_wconf 81' lang='lat' dir='ltr'><strong>solum,</strong></span> <span class='ocrx_word' id='word_1_86' title='bbox 693 1505 837 1592; x_wconf 83' lang='lat' dir='ltr'><strong>quaein</strong></span> <span class='ocrx_word' id='word_1_87' title='bbox 858 1507 960 1572; x_wconf 86' lang='lat' dir='ltr'><strong>terris</strong></span> <span class='ocrx_word' id='word_1_88' title='bbox 980 1520 1015 1570; x_wconf 89' lang='lat' dir='ltr'><strong>et</strong></span> <span class='ocrx_word' id='word_1_89' title='bbox 1036 1499 1131 1594; x_wconf 90' lang='lat' dir='ltr'><strong>aquis</strong></span> <span class='ocrx_word' id='word_1_90' title='bbox 1153 1509 1375 1596; x_wconf 79' lang='lat' dir='ltr'><strong>gignuntur,</strong></span> 
     </span>
     <span class='ocr_line' id='line_1_14' title="bbox 264 1603 1356 1690; baseline -0.004 -12"><span class='ocrx_word' id='word_1_91' title='bbox 264 1613 308 1682; x_wconf 88' lang='lat' dir='ltr'><strong>ad</strong></span> <span class='ocrx_word' id='word_1_92' title='bbox 328 1632 426 1677; x_wconf 90' lang='lat' dir='ltr'><strong>usum</strong></span> <span class='ocrx_word' id='word_1_93' title='bbox 445 1606 621 1678; x_wconf 86' lang='lat' dir='ltr'><strong>hominum</strong></span> <span class='ocrx_word' id='word_1_94' title='bbox 643 1618 756 1668; x_wconf 88' lang='lat' dir='ltr'><strong>creata</strong></span> <span class='ocrx_word' id='word_1_95' title='bbox 778 1625 869 1690; x_wconf 84' lang='lat' dir='ltr'><strong>essa;</strong></span> <span class='ocrx_word' id='word_1_96' title='bbox 892 1603 954 1670; x_wconf 89' lang='lat' dir='ltr'><strong>sed</strong></span> <span class='ocrx_word' id='word_1_97' title='bbox 970 1607 1112 1680; x_wconf 87' lang='lat' dir='ltr'><strong>coelum</strong></span> <span class='ocrx_word' id='word_1_98' title='bbox 1129 1614 1229 1684; x_wconf 86' lang='lat' dir='ltr'><strong>etiam</strong></span> <span class='ocrx_word' id='word_1_99' title='bbox 1245 1612 1356 1690; x_wconf 81' lang='lat' dir='ltr'><strong>fuisse</strong></span> 
     </span>
     <span class='ocr_line' id='line_1_15' title="bbox 112 1657 1358 1816; baseline 0 -34"><span class='ocrx_word' id='word_1_100' title='bbox 112 1793 115 1802; x_wconf 32' lang='lat'><strong><em>¹</em></strong></span> <span class='ocrx_word' id='word_1_101' title='bbox 263 1714 403 1801; x_wconf 84' lang='lat' dir='ltr'><strong>humani</strong></span> <span class='ocrx_word' id='word_1_102' title='bbox 423 1709 555 1802; x_wconf 82' lang='lat' dir='ltr'><strong>generis</strong></span> <span class='ocrx_word' id='word_1_103' title='bbox 575 1704 689 1770; x_wconf 90' lang='lat' dir='ltr'><strong>alendi</strong></span> <span class='ocrx_word' id='word_1_104' title='bbox 711 1722 814 1796; x_wconf 85' lang='lat' dir='ltr'><strong>atque</strong></span> <span class='ocrx_word' id='word_1_105' title='bbox 835 1657 1063 1812; x_wconf 79' lang='lat' dir='ltr'><strong>cbnseruandi</strong></span> <span class='ocrx_word' id='word_1_106' title='bbox 1087 1735 1186 1778; x_wconf 85' lang='lat' dir='ltr'><strong>causa</strong></span> <span class='ocrx_word' id='word_1_107' title='bbox 1188 1737 1358 1816; x_wconf 79' lang='lat' dir='ltr'><strong>genera-</strong></span> 
     </span>
     <span class='ocr_line' id='line_1_16' title="bbox 155 1798 1353 1890; baseline 0.002 -10"><span class='ocrx_word' id='word_1_108' title='bbox 155 1798 161 1814; x_wconf 58' lang='grc'><em>’</em></span> <span class='ocrx_word' id='word_1_109' title='bbox 262 1834 346 1885; x_wconf 89' lang='lat' dir='ltr'><strong>tum</strong></span> <span class='ocrx_word' id='word_1_110' title='bbox 396 1813 532 1882; x_wconf 82' lang='lat' dir='ltr'><strong>Nostris</strong></span> <span class='ocrx_word' id='word_1_111' title='bbox 556 1811 673 1876; x_wconf 86' lang='lat' dir='ltr'><strong>usibus</strong></span> <span class='ocrx_word' id='word_1_112' title='bbox 704 1813 860 1890; x_wconf 83' lang='lat' dir='ltr'><strong>seruiunt</strong></span> <span class='ocrx_word' id='word_1_113' title='bbox 888 1810 936 1876; x_wconf 91' lang='lat' dir='ltr'><strong>illi</strong></span> <span class='ocrx_word' id='word_1_114' title='bbox 965 1811 1044 1880; x_wconf 89' lang='lat' dir='ltr'><strong>rati</strong></span> <span class='ocrx_word' id='word_1_115' title='bbox 1061 1829 1095 1881; x_wconf 90' lang='lat' dir='ltr'><strong>et</strong></span> <span class='ocrx_word' id='word_1_116' title='bbox 1122 1801 1353 1884; x_wconf 75' lang='lat' dir='ltr'><strong>immutabiles</strong></span> 
     </span>
     <span class='ocr_line' id='line_1_17' title="bbox 263 1903 1353 1996; baseline -0.001 -8"><span class='ocrx_word' id='word_1_117' title='bbox 263 1903 410 1988; x_wconf 79' lang='lat' dir='ltr'><strong>siderbm</strong></span> <span class='ocrx_word' id='word_1_118' title='bbox 433 1915 585 1981; x_wconf 86' lang='lat' dir='ltr'><strong>omnium</strong></span> <span class='ocrx_word' id='word_1_119' title='bbox 615 1935 767 1996; x_wconf 85' lang='lat' dir='ltr'><strong>cursus,</strong></span> <span class='ocrx_word' id='word_1_120' title='bbox 763 1911 941 1986; x_wconf 83' lang='lat' dir='ltr'><strong>coelestis</strong></span> <span class='ocrx_word' id='word_1_121' title='bbox 969 1932 1122 1983; x_wconf 86' lang='lat' dir='ltr'><strong>naturae</strong></span> <span class='ocrx_word' id='word_1_122' title='bbox 1144 1917 1353 1986; x_wconf 86' lang='lat' dir='ltr'><strong>admirabilis</strong></span> 
     </span>
     <span class='ocr_line' id='line_1_18' title="bbox 265 2016 1355 2114; baseline 0 -24"><span class='ocrx_word' id='word_1_123' title='bbox 265 2040 300 2090; x_wconf 84' lang='lat' dir='ltr'><strong>et</strong></span> <span class='ocrx_word' id='word_1_124' title='bbox 316 2023 456 2088; x_wconf 86' lang='lat' dir='ltr'><strong>incitata</strong></span> <span class='ocrx_word' id='word_1_125' title='bbox 477 2019 676 2098; x_wconf 83' lang='lat' dir='ltr'><strong>conuersio,</strong></span> <span class='ocrx_word' id='word_1_126' title='bbox 716 2016 851 2088; x_wconf 83' lang='lat' dir='ltr'><strong>dierunt</strong></span> <span class='ocrx_word' id='word_1_127' title='bbox 876 2033 980 2114; x_wconf 85' lang='lat' dir='ltr'><strong>atque</strong></span> <span class='ocrx_word' id='word_1_128' title='bbox 1007 2021 1162 2086; x_wconf 88' lang='lat' dir='ltr'><strong>noctium</strong></span> <span class='ocrx_word' id='word_1_129' title='bbox 1180 2024 1355 2096; x_wconf 81' lang='lat' dir='ltr'><strong>uicissitu-</strong></span> 
     </span>
     <span class='ocr_line' id='line_1_19' title="bbox 214 2119 1352 2210; baseline 0.002 -20"><span class='ocrx_word' id='word_1_130' title='bbox 214 2185 217 2190; x_wconf 92' lang='lat'>.</span> <span class='ocrx_word' id='word_1_131' title='bbox 264 2125 378 2204; x_wconf 86' lang='lat' dir='ltr'><strong>dines,</strong></span> <span class='ocrx_word' id='word_1_132' title='bbox 410 2137 604 2210; x_wconf 82' lang='lat' dir='ltr'><strong>temporum</strong></span> <span class='ocrx_word' id='word_1_133' title='bbox 634 2119 786 2184; x_wconf 91' lang='lat' dir='ltr'><strong>omnium</strong></span> <span class='ocrx_word' id='word_1_134' title='bbox 817 2121 1011 2186; x_wconf 86' lang='lat' dir='ltr'><strong>uarietates.</strong></span> <span class='ocrx_word' id='word_1_135' title='bbox 1063 2121 1241 2208; x_wconf 86' lang='lat' dir='ltr'><strong>Quantum</strong></span> <span class='ocrx_word' id='word_1_136' title='bbox 1263 2150 1352 2192; x_wconf 89' lang='lat' dir='ltr'><strong>uero</strong></span> 
     </span>
     <span class='ocr_line' id='line_1_20' title="bbox 150 2219 1354 2320; baseline 0.003 -30"><span class='ocrx_word' id='word_1_137' title='bbox 150 2247 163 2290; x_wconf 58' lang='grc' dir='ltr'><strong>ι’</strong></span> <span class='ocrx_word' id='word_1_138' title='bbox 254 2228 410 2297; x_wconf 84' lang='lat' dir='ltr'><strong>¹bominis</strong></span> <span class='ocrx_word' id='word_1_139' title='bbox 430 2239 553 2292; x_wconf 88' lang='lat' dir='ltr'><strong>natura</strong></span> <span class='ocrx_word' id='word_1_140' title='bbox 575 2235 611 2286; x_wconf 88' lang='lat' dir='ltr'><strong>et</strong></span> <span class='ocrx_word' id='word_1_141' title='bbox 632 2219 821 2286; x_wconf 82' lang='lat' dir='ltr'><strong>condicio</strong></span> <span class='ocrx_word' id='word_1_142' title='bbox 810 2237 902 2287; x_wconf 86' lang='lat' dir='ltr'><strong>mter</strong></span> <span class='ocrx_word' id='word_1_143' title='bbox 924 2223 1049 2320; x_wconf 89' lang='lat' dir='ltr'><strong>omnia,</strong></span> <span class='ocrx_word' id='word_1_144' title='bbox 1074 2245 1165 2312; x_wconf 86' lang='lat' dir='ltr'><strong>quae</strong></span> <span class='ocrx_word' id='word_1_145' title='bbox 1185 2227 1248 2292; x_wconf 89' lang='lat' dir='ltr'><strong>sub</strong></span> <span class='ocrx_word' id='word_1_146' title='bbox 1272 2251 1354 2294; x_wconf 89' lang='lat' dir='ltr'><strong>sen-</strong></span> 
     </span>
     <span class='ocr_line' id='line_1_21' title="bbox 262 2312 1353 2454; baseline -0.007 -52"><span class='ocrx_word' id='word_1_147' title='bbox 262 2354 343 2454; x_wconf 71' lang='grc' dir='ltr'>ιιιιιι</span> <span class='ocrx_word' id='word_1_148' title='bbox 360 2327 507 2407; x_wconf 76' lang='lat' dir='ltr'><strong>cadunt,</strong></span> <span class='ocrx_word' id='word_1_149' title='bbox 543 2312 701 2405; x_wconf 79' lang='lat' dir='ltr'><strong>excellat,</strong></span> <span class='ocrx_word' id='word_1_150' title='bbox 733 2343 772 2385; x_wconf 83' lang='lat' dir='ltr'><strong>ax</strong></span> <span class='ocrx_word' id='word_1_151' title='bbox 793 2316 835 2388; x_wconf 77' lang='lat' dir='ltr'><strong>eo</strong></span> <span class='ocrx_word' id='word_1_152' title='bbox 858 2321 1079 2412; x_wconf 85' lang='lat' dir='ltr'><strong>perspicitur,</strong></span> <span class='ocrx_word' id='word_1_153' title='bbox 1099 2323 1205 2413; x_wconf 90' lang='lat' dir='ltr'><strong>quod</strong></span> <span class='ocrx_word' id='word_1_154' title='bbox 1226 2327 1295 2392; x_wconf 86' lang='lat' dir='ltr'><strong>n&#39;ec</strong></span> <span class='ocrx_word' id='word_1_155' title='bbox 1318 2331 1353 2395; x_wconf 90' lang='lat' dir='ltr'><strong>in</strong></span> 
     </span>
     <span class='ocr_line' id='line_1_22' title="bbox 161 2409 1356 2519; baseline -0.001 -23"><span class='ocrx_word' id='word_1_156' title='bbox 161 2485 166 2496; x_wconf 94' lang='lat'>.</span> <span class='ocrx_word' id='word_1_157' title='bbox 265 2409 361 2504; x_wconf 90' lang='lat' dir='ltr'><strong>astris</strong></span> <span class='ocrx_word' id='word_1_158' title='bbox 384 2428 588 2506; x_wconf 76' lang='lat' dir='ltr'><strong>clarissimis,</strong></span> <span class='ocrx_word' id='word_1_159' title='bbox 619 2445 686 2489; x_wconf 85' lang='lat' dir='ltr'><strong>nee</strong></span> <span class='ocrx_word' id='word_1_160' title='bbox 713 2425 750 2488; x_wconf 89' lang='lat' dir='ltr'><strong>in</strong></span> <span class='ocrx_word' id='word_1_161' title='bbox 771 2422 863 2508; x_wconf 88' lang='lat' dir='ltr'><strong>sole,</strong></span> <span class='ocrx_word' id='word_1_162' title='bbox 898 2422 1041 2502; x_wconf 82' lang='lat' dir='ltr'><strong>aliorum</strong></span> <span class='ocrx_word' id='word_1_163' title='bbox 1068 2421 1235 2492; x_wconf 78' lang='lat' dir='ltr'><strong>luminum</strong></span> <span class='ocrx_word' id='word_1_164' title='bbox 1257 2434 1356 2519; x_wconf 88' lang='lat' dir='ltr'><strong>prin-</strong></span> 
     </span>
     <span class='ocr_line' id='line_1_23' title="bbox 195 2520 1355 2631; baseline -0.005 -29"><span class='ocrx_word' id='word_1_165' title='bbox 195 2553 200 2570; x_wconf 63' lang='lat'>*</span> <span class='ocrx_word' id='word_1_166' title='bbox 263 2544 357 2631; x_wconf 79' lang='lat' dir='ltr'><strong>cipe,</strong></span> <span class='ocrx_word' id='word_1_167' title='bbox 377 2545 445 2602; x_wconf 83' lang='lat' dir='ltr'><strong>‘arec</strong></span> <span class='ocrx_word' id='word_1_168' title='bbox 465 2531 500 2596; x_wconf 89' lang='lat' dir='ltr'><strong>in</strong></span> <span class='ocrx_word' id='word_1_169' title='bbox 523 2520 655 2593; x_wconf 77' lang='lat' dir='ltr'><strong>&#39;coelo</strong></span> <span class='ocrx_word' id='word_1_170' title='bbox 644 2546 729 2614; x_wconf 82' lang='lat' dir='ltr'><strong>apso·</strong></span> <span class='ocrx_word' id='word_1_171' title='bbox 725 2526 843 2590; x_wconf 74' lang='lat' dir='ltr'><strong>tantis</strong></span> <span class='ocrx_word' id='word_1_172' title='bbox 866 2521 1045 2590; x_wconf 84' lang='lat' dir='ltr'><strong>sideribus</strong></span> <span class='ocrx_word' id='word_1_173' title='bbox 1053 2521 1267 2610; x_wconf 89' lang='lat' dir='ltr'><strong>illuminato,</strong></span> <span class='ocrx_word' id='word_1_174' title='bbox 1290 2531 1355 2596; x_wconf 89' lang='lat' dir='ltr'><strong>sed</strong></span> 
     </span>
     <span class='ocr_line' id='line_1_24' title="bbox 177 2613 1357 2728; baseline -0.012 -17"><span class='ocrx_word' id='word_1_175' title='bbox 177 2637 183 2656; x_wconf 89' lang='lat'><em>&#39;</em></span> <span class='ocrx_word' id='word_1_176' title='bbox 251 2641 301 2710; x_wconf 85' lang='lat' dir='ltr'><strong>¹in</strong></span> <span class='ocrx_word' id='word_1_177' title='bbox 327 2637 467 2707; x_wconf 85' lang='lat' dir='ltr'><strong>homine</strong></span> <span class='ocrx_word' id='word_1_178' title='bbox 495 2627 605 2696; x_wconf 87' lang='lat' dir='ltr'><strong>solum</strong></span> <span class='ocrx_word' id='word_1_179' title='bbox 640 2613 831 2711; x_wconf 79' lang='lat' dir='ltr'><strong>accepinius</strong></span> <span class='ocrx_word' id='word_1_180' title='bbox 867 2623 1010 2690; x_wconf 84' lang='lat' dir='ltr'><strong>luisse</strong></span> <span class='ocrx_word' id='word_1_181' title='bbox 999 2631 1181 2728; x_wconf 78' lang='lat' dir='ltr'><strong>imaginem</strong></span> <span class='ocrx_word' id='word_1_182' title='bbox 1212 2629 1357 2698; x_wconf 84' lang='lat' dir='ltr'><strong>diuinae</strong></span> 
     </span>
     <span class='ocr_line' id='line_1_25' title="bbox 173 2719 1355 2825; baseline -0.009 -13"><span class='ocrx_word' id='word_1_183' title='bbox 173 2719 176 2725; x_wconf 16' lang='lat' dir='ltr'><em>V</em></span> <span class='ocrx_word' id='word_1_184' title='bbox 261 2743 386 2812; x_wconf 81' lang='lat' dir='ltr'><strong>mentis</strong></span> <span class='ocrx_word' id='word_1_185' title='bbox 405 2721 614 2825; x_wconf 85' lang='lat' dir='ltr'><strong>impressam.</strong></span> <span class='ocrx_word' id='word_1_186' title='bbox 642 2727 739 2795; x_wconf 84' lang='lat' dir='ltr'><strong>Haec</strong></span> <span class='ocrx_word' id='word_1_187' title='bbox 761 2744 875 2796; x_wconf 86' lang='lat' dir='ltr'><strong>autem</strong></span> <span class='ocrx_word' id='word_1_188' title='bbox 891 2733 1004 2820; x_wconf 81' lang='lat' dir='ltr'><strong>imago</strong></span> <span class='ocrx_word' id='word_1_189' title='bbox 1021 2735 1220 2799; x_wconf 77' lang='lat' dir='ltr'><strong>cernimrin</strong></span> <span class='ocrx_word' id='word_1_190' title='bbox 1234 2753 1355 2801; x_wconf 86' lang='lat' dir='ltr'><strong>mente</strong></span> 
     </span>
     <span class='ocr_line' id='line_1_26' title="bbox 249 2831 1354 2921; baseline -0.011 -7"><span class='ocrx_word' id='word_1_191' title='bbox 249 2855 300 2914; x_wconf 75' lang='lat' dir='ltr'><strong>‘et</strong></span> <span class='ocrx_word' id='word_1_192' title='bbox 319 2845 471 2921; x_wconf 88' lang='lat' dir='ltr'><strong>ratione,</strong></span> <span class='ocrx_word' id='word_1_193' title='bbox 498 2831 690 2900; x_wconf 80' lang='lat' dir='ltr'><strong>incredibili</strong></span> <span class='ocrx_word' id='word_1_194' title='bbox 712 2831 887 2902; x_wconf 84' lang='lat' dir='ltr'><strong>celeritate</strong></span> <span class='ocrx_word' id='word_1_195' title='bbox 908 2851 943 2899; x_wconf 84' lang='lat' dir='ltr'><strong>et</strong></span> <span class='ocrx_word' id='word_1_196' title='bbox 963 2833 1101 2900; x_wconf 87' lang='lat' dir='ltr'><strong>solertia</strong></span> <span class='ocrx_word' id='word_1_197' title='bbox 1123 2834 1229 2902; x_wconf 85' lang='lat' dir='ltr'><strong>multa</strong></span> <span class='ocrx_word' id='word_1_198' title='bbox 1251 2838 1354 2904; x_wconf 88' lang='lat' dir='ltr'><strong>simul</strong></span> 
     </span>
     <span class='ocr_line' id='line_1_27' title="bbox 241 2929 1416 3030; baseline -0.003 -20"><span class='ocrx_word' id='word_1_199' title='bbox 241 2939 448 3030; x_wconf 76' lang='lat' dir='ltr'><strong>agitante,</strong></span> <span class='ocrx_word' id='word_1_200' title='bbox 469 2951 504 3002; x_wconf 87' lang='lat' dir='ltr'><strong>et</strong></span> <span class='ocrx_word' id='word_1_201' title='bbox 531 2957 662 2999; x_wconf 86' lang='lat' dir='ltr'><strong>summo</strong></span> <span class='ocrx_word' id='word_1_202' title='bbox 693 2935 808 3006; x_wconf 83' lang='lat' dir='ltr'><strong>studio</strong></span> <span class='ocrx_word' id='word_1_203' title='bbox 837 2929 1121 3026; x_wconf 80' lang='lat' dir='ltr'><strong>uerum&#39;semp‘er</strong></span> <span class='ocrx_word' id='word_1_204' title='bbox 1141 2941 1352 3028; x_wconf 85' lang='lat' dir='ltr'><strong>inquirente,</strong></span> <span class='ocrx_word' id='word_1_205' title='bbox 1415 2943 1416 2958; x_wconf 61' lang='lat'>¹</span> 
     </span>
     <span class='ocr_line' id='line_1_28' title="bbox 263 3031 1416 3125; baseline -0.005 -12"><span class='ocrx_word' id='word_1_206' title='bbox 263 3069 342 3113; x_wconf 90' lang='lat' dir='ltr'><strong>oum</strong></span> <span class='ocrx_word' id='word_1_207' title='bbox 370 3036 559 3106; x_wconf 86' lang='lat' dir='ltr'><strong>admirabili</strong></span> <span class='ocrx_word' id='word_1_208' title='bbox 594 3036 780 3125; x_wconf 82' lang='lat' dir='ltr'><strong>cupiditate</strong></span> <span class='ocrx_word' id='word_1_209' title='bbox 811 3037 948 3102; x_wconf 84' lang='lat' dir='ltr'><strong>diuinae</strong></span> <span class='ocrx_word' id='word_1_210' title='bbox 981 3031 1352 3124; x_wconf 65' lang='lat' dir='ltr'><strong>uirtutis‘imitandae.</strong></span> <span class='ocrx_word' id='word_1_211' title='bbox 1415 3051 1416 3116; x_wconf 77' lang='lat' dir='ltr'><strong>j</strong></span> 
     </span>
     <span class='ocr_line' id='line_1_29' title="bbox 251 3135 1416 3220; baseline -0.008 -5"><span class='ocrx_word' id='word_1_212' title='bbox 251 3139 363 3215; x_wconf 79' lang='lat' dir='ltr'><strong>‘Hanc</strong></span> <span class='ocrx_word' id='word_1_213' title='bbox 382 3151 468 3208; x_wconf 90' lang='lat' dir='ltr'><strong>uer&#39;o</strong></span> <span class='ocrx_word' id='word_1_214' title='bbox 491 3135 672 3204; x_wconf 87' lang='lat' dir='ltr'><strong>coelestem</strong></span> <span class='ocrx_word' id='word_1_215' title='bbox 693 3137 796 3202; x_wconf 90' lang='lat' dir='ltr'><strong>animi</strong></span> <span class='ocrx_word' id='word_1_216' title='bbox 816 3138 968 3214; x_wconf 86' lang='lat' dir='ltr'><strong>indolem</strong></span> <span class='ocrx_word' id='word_1_217' title='bbox 988 3138 1055 3220; x_wconf 59' lang='lat' dir='ltr'><strong>lus</strong></span> <span class='ocrx_word' id='word_1_218' title='bbox 1067 3139 1205 3206; x_wconf 87' lang='lat' dir='ltr'><strong>diuinae</strong></span> <span class='ocrx_word' id='word_1_219' title='bbox 1228 3145 1352 3208; x_wconf 81' lang='lat' dir='ltr'><strong>inentis</strong></span> <span class='ocrx_word' id='word_1_220' title='bbox 1415 3193 1416 3218; x_wconf 67' lang='lat'><strong>,</strong></span> 
     </span>
     <span class='ocr_line' id='line_1_30' title="bbox 261 3235 1353 3340; baseline -0.007 -23"><span class='ocrx_word' id='word_1_221' title='bbox 261 3243 468 3340; x_wconf 86' lang='lat' dir='ltr'><strong>illustrabat,</strong></span> <span class='ocrx_word' id='word_1_222' title='bbox 500 3255 536 3306; x_wconf 86' lang='lat' dir='ltr'><strong>st</strong></span> <span class='ocrx_word' id='word_1_223' title='bbox 557 3237 600 3303; x_wconf 93' lang='lat' dir='ltr'><strong>ad</strong></span> <span class='ocrx_word' id='word_1_224' title='bbox 623 3235 801 3302; x_wconf 83' lang='lat' dir='ltr'><strong>clariorem</strong></span> <span class='ocrx_word' id='word_1_225' title='bbox 822 3239 890 3306; x_wconf 87' lang='lat' dir='ltr'><strong>Dei</strong></span> <span class='ocrx_word' id='word_1_226' title='bbox 918 3241 1187 3308; x_wconf 78' lang='lat' dir='ltr'><strong>similitudinem</strong></span> <span class='ocrx_word' id='word_1_227' title='bbox 1196 3247 1353 3309; x_wconf 88' lang='lat' dir='ltr'><strong>omnium</strong></span> 
     </span>
     <span class='ocr_line' id='line_1_31' title="bbox 260 3336 1351 3434; baseline -0.006 -15"><span class='ocrx_word' id='word_1_228' title='bbox 260 3351 428 3419; x_wconf 85' lang='lat' dir='ltr'><strong>uirtutum</strong></span> <span class='ocrx_word' id='word_1_229' title='bbox 449 3341 645 3409; x_wconf 76' lang='lat' dir='ltr'><strong>muneribus</strong></span> <span class='ocrx_word' id='word_1_230' title='bbox 667 3336 867 3408; x_wconf 77' lang='lat' dir='ltr'><strong>instruebat.</strong></span> <span class='ocrx_word' id='word_1_231' title='bbox 908 3345 975 3412; x_wconf 88' lang='lat' dir='ltr'><strong>Si&#39;</strong></span> <span class='ocrx_word' id='word_1_232' title='bbox 965 3348 1071 3434; x_wconf 78' lang='lat' dir='ltr'><strong>igitur</strong></span> <span class='ocrx_word' id='word_1_233' title='bbox 1098 3345 1243 3411; x_wconf 87' lang='lat' dir='ltr'><strong>bomo</strong></span> <span class='ocrx_word' id='word_1_234' title='bbox 1231 3346 1351 3412; x_wconf 87' lang='lat' dir='ltr'><strong>millo</strong></span> 
     </span>
     <span class='ocr_line' id='line_1_32' title="bbox 260 3421 1353 3538; baseline -0.01 -15"><span class='ocrx_word' id='word_1_235' title='bbox 260 3452 501 3522; x_wconf 83' lang='lat' dir='ltr'><strong>florentissimo</strong></span> <span class='ocrx_word' id='word_1_236' title='bbox 523 3459 615 3511; x_wconf 89' lang='lat' dir='ltr'><strong>statu</strong></span> <span class='ocrx_word' id='word_1_237' title='bbox 635 3448 895 3532; x_wconf 83' lang='lat' dir='ltr'><strong>permansisset.</strong></span> <span class='ocrx_word' id='word_1_238' title='bbox 921 3447 1041 3513; x_wconf 86' lang='lat' dir='ltr'><strong>luisset</strong></span> <span class='ocrx_word' id='word_1_239' title='bbox 1060 3421 1222 3538; x_wconf 86' lang='lat' dir='ltr'><strong>profecto</strong></span> <span class='ocrx_word' id='word_1_240' title='bbox 1244 3447 1353 3512; x_wconf 89' lang='lat' dir='ltr'><strong>admi-</strong></span> 
     </span>
     <span class='ocr_line' id='line_1_33' title="bbox 109 3547 1352 3642; baseline -0.004 -20"><span class='ocrx_word' id='word_1_241' title='bbox 109 3547 111 3554; x_wconf 63' lang='grc'><em>’</em></span> <span class='ocrx_word' id='word_1_242' title='bbox 164 3589 171 3606; x_wconf 82' lang='lat'><strong>,</strong></span> <span class='ocrx_word' id='word_1_243' title='bbox 259 3553 368 3624; x_wconf 78' lang='lat' dir='ltr'><strong>tanda</strong></span> <span class='ocrx_word' id='word_1_244' title='bbox 390 3547 534 3642; x_wconf 84' lang='lat' dir='ltr'><strong>quadam</strong></span> <span class='ocrx_word' id='word_1_245' title='bbox 559 3563 662 3635; x_wconf 89' lang='lat' dir='ltr'><strong>atque</strong></span> <span class='ocrx_word' id='word_1_246' title='bbox 683 3549 890 3636; x_wconf 84' lang='lat' dir='ltr'><strong>sempiterna</strong></span> <span class='ocrx_word' id='word_1_247' title='bbox 906 3549 1013 3637; x_wconf 83' lang='lat' dir='ltr'><strong>gloria</strong></span> <span class='ocrx_word' id='word_1_248' title='bbox 1030 3549 1231 3622; x_wconf 81' lang='lat' dir='ltr'><strong>cumulatus.</strong></span> <span class='ocrx_word' id='word_1_249' title='bbox 1263 3555 1352 3618; x_wconf 89' lang='lat' dir='ltr'><strong>Cum</strong></span> 
     </span>
     <span class='ocr_line' id='line_1_34' title="bbox 216 3647 1352 3743; baseline -0.004 -19"><span class='ocrx_word' id='word_1_250' title='bbox 216 3691 219 3696; x_wconf 93' lang='lat'>·</span> <span class='ocrx_word' id='word_1_251' title='bbox 245 3647 355 3737; x_wconf 75' lang='lat' dir='ltr'><strong>,eninr</strong></span> <span class='ocrx_word' id='word_1_252' title='bbox 387 3665 477 3718; x_wconf 87' lang='lat' dir='ltr'><strong>esset</strong></span> <span class='ocrx_word' id='word_1_253' title='bbox 510 3647 878 3716; x_wconf 69' lang='lat' dir='ltr'><strong>diuinisornamentis</strong></span> <span class='ocrx_word' id='word_1_254' title='bbox 909 3651 1076 3742; x_wconf 75' lang='lat' dir='ltr'><strong>ercultns,</strong></span> <span class='ocrx_word' id='word_1_255' title='bbox 1113 3667 1150 3719; x_wconf 88' lang='lat' dir='ltr'><strong>et</strong></span> <span class='ocrx_word' id='word_1_256' title='bbox 1179 3653 1223 3718; x_wconf 90' lang='lat' dir='ltr'><strong>ad</strong></span> <span class='ocrx_word' id='word_1_257' title='bbox 1254 3676 1352 3743; x_wconf 85' lang='lat' dir='ltr'><strong>spem</strong></span> 
     </span>
     <span class='ocr_line' id='line_1_35' title="bbox 247 3748 1415 3846; baseline 0 -26"><span class='ocrx_word' id='word_1_258' title='bbox 247 3751 436 3842; x_wconf 78' lang='lat' dir='ltr'><strong>‘amplioris</strong></span> <span class='ocrx_word' id='word_1_259' title='bbox 457 3753 559 3815; x_wconf 81' lang='lat' dir='ltr'><strong>etiam</strong></span> <span class='ocrx_word' id='word_1_260' title='bbox 584 3748 759 3838; x_wconf 84' lang='lat' dir='ltr'><strong>dignitatis</strong></span> <span class='ocrx_word' id='word_1_261' title='bbox 782 3754 963 3818; x_wconf 88' lang='lat' dir='ltr'><strong>excitatus·</strong></span> <span class='ocrx_word' id='word_1_262' title='bbox 986 3777 1128 3820; x_wconf 84' lang='lat' dir='ltr'><strong>necesse</strong></span> <span class='ocrx_word' id='word_1_263' title='bbox 1149 3771 1233 3837; x_wconf 88' lang='lat' dir='ltr'><strong>erat,</strong></span> <span class='ocrx_word' id='word_1_264' title='bbox 1254 3750 1351 3821; x_wconf 86' lang='lat' dir='ltr'><strong>illum</strong></span> <span class='ocrx_word' id='word_1_265' title='bbox 1414 3833 1415 3846; x_wconf 12' lang='grc' dir='ltr'>ι</span> 
     </span>
     <span class='ocr_line' id='line_1_36' title="bbox 261 3848 1351 3942; baseline 0 -18"><span class='ocrx_word' id='word_1_266' title='bbox 261 3877 337 3924; x_wconf 84' lang='lat' dir='ltr'><strong>non</strong></span> <span class='ocrx_word' id='word_1_267' title='bbox 357 3853 523 3920; x_wconf 87' lang='lat' dir='ltr'><strong>modom</strong></span> <span class='ocrx_word' id='word_1_268' title='bbox 544 3853 708 3941; x_wconf 83' lang='lat' dir='ltr'><strong>singulari</strong></span> <span class='ocrx_word' id='word_1_269' title='bbox 736 3851 901 3942; x_wconf 84' lang='lat' dir='ltr'><strong>dignitate</strong></span> <span class='ocrx_word' id='word_1_270' title='bbox 924 3858 1069 3939; x_wconf 88' lang='lat' dir='ltr'><strong>uersari,</strong></span> <span class='ocrx_word' id='word_1_271' title='bbox 1106 3848 1168 3922; x_wconf 85' lang='lat' dir='ltr'><strong>sed</strong></span> <span class='ocrx_word' id='word_1_272' title='bbox 1190 3851 1293 3922; x_wconf 83' lang='lat' dir='ltr'><strong>etiarn</strong></span> <span class='ocrx_word' id='word_1_273' title='bbox 1315 3863 1351 3924; x_wconf 90' lang='lat' dir='ltr'><strong>in</strong></span> 
     </span>
     <span class='ocr_line' id='line_1_37' title="bbox 245 3951 1350 4056; baseline 0.004 -33"><span class='ocrx_word' id='word_1_274' title='bbox 245 3955 336 4028; x_wconf 83' lang='lat' dir='ltr'><strong>&#39;dies</strong></span> <span class='ocrx_word' id='word_1_275' title='bbox 357 3957 461 4044; x_wconf 83' lang='lat' dir='ltr'><strong>niagis</strong></span> <span class='ocrx_word' id='word_1_276' title='bbox 491 3953 608 4020; x_wconf 91' lang='lat' dir='ltr'><strong>diuina</strong></span> <span class='ocrx_word' id='word_1_277' title='bbox 634 3951 871 4040; x_wconf 85' lang='lat' dir='ltr'><strong>similitudine,</strong></span> <span class='ocrx_word' id='word_1_278' title='bbox 906 3973 1009 4056; x_wconf 83' lang='lat' dir='ltr'><strong>quam</strong></span> <span class='ocrx_word' id='word_1_279' title='bbox 1036 3974 1159 4024; x_wconf 88' lang='lat' dir='ltr'><strong>natura</strong></span> <span class='ocrx_word' id='word_1_280' title='bbox 1190 3961 1350 4028; x_wconf 86' lang='lat' dir='ltr'><strong>ar&#39;denter</strong></span> 
     </span>
     <span class='ocr_line' id='line_1_38' title="bbox 161 4039 1415 4173; baseline 0.006 -53"><span class='ocrx_word' id='word_1_281' title='bbox 161 4057 165 4065; x_wconf 82' lang='lat'>&#39;</span> <span class='ocrx_word' id='word_1_282' title='bbox 263 4053 474 4173; x_wconf 81' lang='lat' dir='ltr'><strong>expetebat,</strong></span> <span class='ocrx_word' id='word_1_283' title='bbox 484 4055 643 4120; x_wconf 80' lang='lat' dir='ltr'><strong>animum</strong></span> <span class='ocrx_word' id='word_1_284' title='bbox 664 4055 893 4123; x_wconf 86' lang='lat' dir='ltr'><strong>conformare.</strong></span> <span class='ocrx_word' id='word_1_285' title='bbox 935 4039 1012 4126; x_wconf 79' lang='lat' dir='ltr'><strong>blec</strong></span> <span class='ocrx_word' id='word_1_286' title='bbox 1033 4063 1123 4125; x_wconf 85' lang='lat' dir='ltr'><strong>enim</strong></span> <span class='ocrx_word' id='word_1_287' title='bbox 1145 4081 1266 4126; x_wconf 83' lang='lat' dir='ltr'><strong>uerum</strong></span> <span class='ocrx_word' id='word_1_288' title='bbox 1289 4076 1348 4141; x_wconf 84' lang='lat' dir='ltr'><strong>est,</strong></span> <span class='ocrx_word' id='word_1_289' title='bbox 1414 4113 1415 4136; x_wconf 64' lang='lat'><strong>,</strong></span> 
     </span>
     <span class='ocr_line' id='line_1_39' title="bbox 237 4153 1348 4250; baseline 0.009 -30"><span class='ocrx_word' id='word_1_290' title='bbox 237 4157 408 4245; x_wconf 53' lang='lat' dir='ltr'><strong>:primum</strong></span> <span class='ocrx_word' id='word_1_291' title='bbox 436 4157 614 4243; x_wconf 84' lang='lat' dir='ltr'><strong>parentem</strong></span> <span class='ocrx_word' id='word_1_292' title='bbox 644 4157 781 4239; x_wconf 85' lang='lat' dir='ltr'><strong>diuinae</strong></span> <span class='ocrx_word' id='word_1_293' title='bbox 810 4153 941 4247; x_wconf 81' lang='lat' dir='ltr'><strong>gloriae</strong></span> <span class='ocrx_word' id='word_1_294' title='bbox 974 4161 1161 4250; x_wconf 82' lang='lat' dir='ltr'><strong>cupiditate</strong></span> <span class='ocrx_word' id='word_1_295' title='bbox 1189 4165 1348 4230; x_wconf 89' lang='lat' dir='ltr'><strong>omnibus</strong></span> 
     </span>
     <span class='ocr_line' id='line_1_40' title="bbox 165 4259 1349 4353; baseline 0.006 -28"><span class='ocrx_word' id='word_1_296' title='bbox 165 4338 167 4346; x_wconf 19' lang='lat' dir='ltr'>y</span> <span class='ocrx_word' id='word_1_297' title='bbox 262 4259 417 4350; x_wconf 82' lang='lat' dir='ltr'><strong>corporis</strong></span> <span class='ocrx_word' id='word_1_298' title='bbox 438 4273 474 4327; x_wconf 84' lang='lat' dir='ltr'><strong>et</strong></span> <span class='ocrx_word' id='word_1_299' title='bbox 496 4262 599 4326; x_wconf 88' lang='lat' dir='ltr'><strong>animi</strong></span> <span class='ocrx_word' id='word_1_300' title='bbox 626 4261 726 4328; x_wconf 85' lang='lat' dir='ltr'><strong>bonis</strong></span> <span class='ocrx_word' id='word_1_301' title='bbox 754 4285 909 4330; x_wconf 85' lang='lat' dir='ltr'><strong>euersum</strong></span> <span class='ocrx_word' id='word_1_302' title='bbox 930 4263 1045 4331; x_wconf 82' lang='lat' dir='ltr'><strong>luisse.</strong></span> <span class='ocrx_word' id='word_1_303' title='bbox 1090 4261 1166 4350; x_wconf 71' lang='lat' dir='ltr'><strong>Qui,</strong></span> <span class='ocrx_word' id='word_1_304' title='bbox 1180 4268 1349 4353; x_wconf 85' lang='lat' dir='ltr'><strong>potuisset</strong></span> 
     </span>
    </p>
   </div>
   <div class='ocr_carea' id='block_1_4' title="bbox 297 4491 406 4535">
    <p class='ocr_par' dir='ltr' id='par_1_4' title="bbox 297 4491 406 4535">
     <span class='ocr_line' id='line_1_41' title="bbox 297 4491 406 4535; baseline 0 -7"><span class='ocrx_word' id='word_1_305' title='bbox 297 4491 406 4535; x_wconf 77' lang='grc' dir='ltr'><strong>.ἰ’</strong></span> 
     </span>
    </p>
   </div>
   <div class='ocr_carea' id='block_1_5' title="bbox 0 0 1434 4732">
    <p class='ocr_par' dir='ltr' id='par_1_5' title="bbox 0 0 1434 4732">
     <span class='ocr_line' id='line_1_42' title="bbox 0 0 1434 4732; baseline 0 1"><span class='ocrx_word' id='word_1_306' title='bbox 0 0 1434 4732; x_wconf 95' lang='lat' dir='ltr'><strong> </strong></span> 
     </span>
    </p>
   </div>
  </div>
 </body>
</html>
