2860 4740
703 1 772 60 χ..

49 249 91 285 ““
146 251 255 382 χιι
328 289 332 298 ·
469 213 1023 382 ’ἰιιίιιοιιιι
1016 255 1020 266 ’

173 493 175 500 v
208 445 364 554 tentiam
376 451 583 522 discederes.
611 452 706 568 quod
729 479 776 522 ne
791 457 902 525 statim
926 451 1079 544 iaceres,
1100 449 1241 548 'pudore
1261 463 1301 528 ιιι

213 542 337 628 aiebas
345 553 524 644 impediri.
578 549 682 623 Nunc
702 573 814 624 autern
839 556 882 624 ad
909 550 1038 649 gloiiaa
1061 509 1299 626 defensionem

210 657 380 750 temagis
383 671 562 750 paratum
551 654 681 722 uideo.
708 655 822 746 Quid?
847 655 986 724 ridens'
975 679 1138 776 inquam
1163 657 1299 727 adeone

208 783 268 828 me
286 756 439 849 gloriae'
424 757 531 872 ipsius
547 754 779 822 immemorem
795 777 869 825 esse
886 773 1002 846 putas,
1028 774 1067 824 ut
1081 760 1156 824 sine
1172 756 1298 826 sudore

157 883 161 896 ¹
214 879 249 926 et
273 857 457 946 sanguine,
488 852 583 946 quod
605 857 720 938 aiunt,
758 869 813 922 me
844 857 973 923 uictum
1007 879 1079 925 esse
1112 855 1298 926 confitear?

211 959 308 1028 Prius
323 957 436 1022 omnia
452 952 687 1044 periclitabor,
712 954 844 1048 tibique
864 974 993 1046 quanta
1014 959 1157 1025 maxime
1172 973 1297 1048 potero

214 1059 437 1126 contentione
461 1055 658 1140 resistam,
672 1077 773 1143 quam
791 1055 861 1122 tibi
889 1058 1067 1155 uictoriam
1095 1055 1296 1124 concedam.
1321 1067 1326 1073 '
1382 1111 1385 1120 ,

157 1183 160 1196 “
211 1159 313 1228 Fac
302 1158 449 1249 igitur,
444 1167 481 1220 ut
500 1154 649 1220 or'atioui
671 1163 750 1244 tuae
773 1153 909 1220 finem
898 1171 1066 1247 imponas.
1115 1155 1297 1247 Epilogum

214 1261 305 1328 enim
317 1269 461 1348 expecto
472 1268 551 1321 tuae
565 1231 799 1347 disputationis
814 1239 1002 1368 elegantiae
1016 1273 1296 1330 consentaneum

336 1441 397 1530 Xl.
436 1416 530 1524 Illum
550 1453 705 1546 quidem,
729 1453 839 1544 inquit
849 1431 1075 1544 Augustinus,
1102 1475 1174 1522 non
1188 1471 1258 1525 tam
1276 1479 1311 1522 e.

211 1560 397 1628 Rhetorum
415 1551 570 1638 officina,
598 1577 715 1646 quam
702 1578 755 1620 ex
768 1557 974 1621 sanctissima
991 1555 1115 1639 Christi
1115 1554 1296 1654 religione
1363 1596 1368 1603 -
1401 1565 1405 1572 '

184 1659 423 1750 ,depromam
473 1653 562 1720 Sic
551 1656 652 1744 igitur
673 1653 832 1722 traditum
857 1671 922 1736 est,
952 1657 1111 1727 maximas
1115 1643 1297 1722 coelitum

213 1760 329 1847 copias
347 1777 366 1820 a
383 1751 481 1820 coelo
500 1751 704 1842 detrusas,
692 1776 729 1820 ιιι
744 1747 940 1824 inferorum
945 1753 1044 1820 sedes
1060 1771 1094 1822 et
1109 1761 1297 1871 p‘erpetuae

169 1846 174 1864 ¹
201 1858 323 1928 ‘noctis
345 1849 511 1920 tenebras·
524 1849 704 1939 incidisse,
738 1847 882 1944 propter
906 1856 1076 1920 insanam
1086 1857 1296 1946 principatus
1333 1890 1338 1899 ·

147 2017 148 2026 ,
205 1972 250 2026 ἰιι
273 1954 401 2046 gloriae
436 1951 666 2072 cupiditatem.
734 1953 871 2020 Deinde
899 1972 1149 2046 persequuntur
1180 1976 1297 2020 casum

215 2075 316 2146 atque
339 2055 467 2122 ruinam
493 2053 680 2172 primorum
708 2071 904 2142 parentum,
927 2057 999 2142 qui
1027 2053 1126 2120 simili
1150 2049 1295 2120 libidine

216 2155 344 2250 caecati
362 2172 435 2220 non
456 2147 600 2218 solum
589 2154 662 2242 apsi
677 2151 878 2237 concidere,
903 2152 965 2219 sed
986 2157 1078 2219 onrni
1104 2149 1297 2262 pesteritati
1326 2239 1329 2246 Ι
1388 2193 1392 2200 ·
1428 2189 1429 2196 ι

158 2291 162 2300 ·
211 2259 385 2348 ingentem
410 2254 480 2317 uim
509 2249 710 2318 malorum
699 2256 877 2322 inuexere:
919 2275 1006 2342 quae
1031 2252 1188 2342 quidem
1199 2251 1295 2318 nullo

123 2372 126 2378 '
193 2379 338 2451 genere
358 2354 535 2444 orationis
540 2368 686 2442 possunt
706 2351 872 2442 explicari.
929 2353 1016 2420 Sunt
1040 2355 1130 2420 enim
1152 2349 1296 2460 inlinita,

123 2509 126 2520 ,
174 2511 178 2530 .
212 2456 339 2578 quibus
354 2453 457 2520 animi
477 2474 582 2543 saepe
601 2454 637 2518 in
661 2449 846 2518 contrarias
865 2469 978 2542 partes
996 2451 1146 2520 distracti
1170 2467 1205 2518 et
1222 2473 1242 2518 a
1258 2475 1296 2535 se
1327 2539 1330 2546 .

171 2596 181 2612 =
211 2560 295 2648 ipsis
312 2551 529 2637 dissidentes,
556 2575 659 2642 saepe
675 2553 834 2644 grauiore
851 2553 961 2642 aliqua
985 2551 1082 2620 clade
1097 2550 1245 2643 perculsi
1262 2567 1298 2620 et

121 2653 152 2746 ’ἱ
213 2658 355 2738 abiecti,
380 2676 484 2743 saepe
504 2655 633 2719 caecati
648 2650 817 2720 erroribus
841 2667 876 2719 st
898 2654 1099 2744 opinionum
1120 2654 1298 2744 prauitati-

177 2748 192 2792 ·.
211 2757 275 2824 bus
292 2752 457 2844 impediti,
483 2756 758 2820 assecuratione
776 2750 981 2844 deiiciuntur
996 2769 1030 2818 et
1043 2745 1297 2843 quamplurimis
1367 2801 1371 2812 .

213 2854 394 2923 'sceleribus
409 2851 616 2932 imbuuntur.
655 2851 751 2918 Sunt
756 2826 1015 2918 innumerabiles
1034 2874 1225 2936 aerumnae,
1244 2853 1299 2917 in-

214 2970 331 3048 gentes
358 2951 515 3036 dolores,
542 2948 745 3018 acerbissimi
770 2973 864 3016 casus
887 2953 1035 3020 animum
1061 2950 1195 3041 assiduo
1214 2935 1305 3018 ·-crul
1339 2975 1343 2983 ·

215 3056 306 3121 niatu
329 3051 533 3136 lacerantes,
567 3072 655 3139 quae
681 3049 817 3139 quidem
838 3053 973 3168 possint
996 3035 1119 3120 eruditi
1141 3051 1297 3119 homines

214 3153 406 3244 deplorare,
433 3149 1003 3241 complectiautemorationenon
1018 3154 1166 3242 possint.
1177 3137 1298 3218 Nul-

172 3269 178 3276 ·
211 3253 282 3320 lum
300 3253 390 3333 enim
406 3267 456 3318 est
472 3266 601 3322 tantum
617 3253 799 3343 ingenium,
823 3247 985 3341 tantaque
1001 3250 1139 3319 dicendi
1153 3248 1297 3317 facultas

214 3370 250 3421 et
267 3375 384 3443 copia,
411 3373 502 3439 quae
512 3349 624 3418 ualeat
641 3375 683 3419 ea
699 3351 784 3418 mala
804 3349 950 3418 dicendo
967 3373 1150 3440 consequi,
1157 3349 1297 3439 quibus
1358 3403 1364 3410 .

82 3501 90 3528 ,
167 3533 170 3538 ,
211 3455 409 3546 saepissime
432 3447 673 3522 conflictamur.
711 3450 866 3542 Quodsi
888 3455 1003 3518 omnia
1029 3451 1136 3544 nula,
1173 3450 1296 3538 quibus

121 3619 157 3630 „
215 3574 469 3646 oppugnamur,
509 3550 551 3618 ab
580 3549 636 3618 illa
669 3553 766 3622 ruina
796 3552 897 3642 primi
916 3553 1070 3642 parentis
1089 3566 1172 3620 nata
1197 3566 1296 3640 sunt·

152 3679 156 3688 ⁴
215 3677 322 3742 eaque
343 3675 416 3720 non
440 3649 502 3718 alis
525 3649 570 3717 de
591 3659 691 3720 causa
715 3651 806 3718 edita
825 3649 907 3762 tuit,
933 3672 1033 3739 quam
1051 3649 1180 3744 gloriae
1199 3652 1297 3740 cupi-

215 3754 359 3822 ditatas
377 3751 459 3841 quid
481 3750 545 3818 alia
574 3743 769 3842 argumenta
796 3733 1021 3838 requirimus?
1073 3748 1190 3839 Quid
1187 3747 1297 3818 illud?
1388 3787 1394 3800 .

213 3851 342 3920 Nonne
364 3854 444 3918 satis
475 3848 578 3924 nobis
598 3851 717 3946 adimit
743 3847 931 3916 disserendi
952 3847 1106 3916 laborem
1129 3831 1299 3947 coelestis

93 4009 101 4044 .·
213 3950 271 4027 rlle
281 3951 431 4035 doctor,
458 3950 501 4016 ad
519 3969 655 4026 omnem
678 3973 827 4018 errorem
844 3946 1084 4038 depellendum
1104 3931 1351 4015 hominum-¹

211 4073 281 4142 que
298 4072 413 4143 genus
416 4073 439 4116 ιι
454 4048 601 4116 tenebris
621 4034 862 4119 uindicandum
877 4070 897 4115 a
912 4047 1043 4114 coelis
1032 4071 1070 4115 ιιι
1092 4064 1201 4115 ternas
1214 4046 1301 4114 mis-

115 4184 119 4195 .
212 4154 296 4234 sus?
323 4143 468 4218 Videris
470 4151 560 4214 enim
577 4149 740 4232 humanas
757 4165 898 4229 mentes,
921 4147 1032 4220 multis
1044 4135 1245 4215 erroribus
1228 4171 1300 4214 ιιιι

211 4251 354 4384 plicatas
373 4265 408 4316 et
423 4246 563 4316 infinitis
587 4226 768 4319 sceleribus
791 4247 987 4334 adstrictas,
1013 4231 1303 4340 diuinabenigni'·

1141 4412 1143 4420 .
1219 4365 1301 4470 tate
1379 4353 1389 4376 ‘
