2860 4732
109 229 298 364 funos
376 191 959 358 ζ’]ἰιιιιιιιίιιι
1027 247 1034 300 ·.
1111 325 1116 332 ,

207 427 301 494 iutra
319 417 407 492 coeli
425 417 649 538 complexum
653 407 779 504 uirtute
795 385 1085 526 megellieenilus,
1106 438 1170 492 eut
1192 425 1306 492 maius

149 529 157 540 '
210 515 344 594 dee'ru
332 547 393 592 ιιι
388 519 594 632 sideribus
584 519 686 647 ipsis,
717 543 821 652 quem
844 523 882 588 in
904 502 1158 614 pulchritudine
1179 525 1307 645 mentia

212 623 355 698 eluceat.
440 689 451 718 ‚
528 699 533 704 ,
593 673 613 706 ι,

335 829 398 901 111
439 819 529 889 Nam
554 817 648 914 quod
676 823 743 906 eis,
774 844 849 891 eam
872 764 1075 940 prudentiis
1097 841 1306 913 repugnare,
1393 888 1396 903 ,

173 946 177 962 ·
211 925 291 996 iam
294 921 401 992 facile
412 921 504 991 cerni
526 937 658 1012 potest,
683 944 785 1014 quem
805 922 841 989 id
858 925 901 988 sit
920 921 964 988 ab
983 921 1068 988 illius
1093 915 1310 990 ornamentis
1393 982 1399 997 ,

114 1065 130 1078 -ι
214 1024 371 1092 alienum.
431 1023 561 1088 Omnes
575 1023 673 1087 enim
698 1024 840 1090 uirtutes
861 1020 1002 1114 gloriam
1023 1022 1196 1118 parientes
1214 1045 1306 1110 pru·
1393 1064 1396 1073 ·

210 1121 329 1190 dentis
343 1121 521 1237 guberqat‚
546 1133 581 1187 et
595 1122 671 1212 ipsa
686 1144 749 1213 per
764 1145 801 1188 se
818 1143 958 1188 munera
955 1112 1177 1209 amplissime
1194 1119 1308 1209 digui-

45 1282 49 1296 .
198 1225 362 1339 „totisque
383 1205 594 1312 plenissima
602 1237 715 1294 tuetur
742 1237 778 1288 et
801 1223 953 1312 sustinet.
977 1217 1309 1334 Quemadmodum

127 1395 130 1403 Α
174 1401 176 1408 Α
215 1323 305 1387 enim
328 1343 459 1405 errare,
485 1317 571 1402 lebi,
598 1315 727 1412 decipi,
757 1335 887 1388 temere
910 1319 1090 1409 quicquam
1114 1333 1150 1384 et
1172 1320 1305 1407 impru-

201 1418 336 1486 denter
356 1418 608 1502 administrare,
632 1434 733 1508 turpe
758 1434 794 1485 et
807 1417 1012 1510 flagitiosum
1032 1415 1169 1492 uidetur
1192 1419 1306 1484 omni-

180 1515 295 1584 „husa
327 1519 376 1586 ita
395 1521 454 1610 qui
475 1516 574 1584 nullis
600 1517 771 1586 erroribus
793 1534 965 1608 caecatam
989 1531 1138 1608 mentem
1164 1514 1306 1602 habent,
1407 1587 1408 1590 ,

134 1601 142 1619 ⁸
214 1616 287 1683 sed
293 1614 439 1686 obscura
456 1634 680 1707 cognoscunt,
707 1635 742 1684 et
755 1615 869 1712 futura
882 1618 1110 1732 praecipiunt,
1138 1631 1173 1682 et
1189 1623 1308 1732 quem·
1408 1673 1409 1680 ,

101 1713 105 1732 ’
215 1714 401 1784 aduiodum
427 1708 656 1803 incidentibus
684 1715 785 1784 rebus
808 1718 860 1782 uti
889 1716 1091 1822 conueniet,
1131 1715 1310 1804 iepieuter
1409 1755 1410 1780 ι

93 1889 95 1898 ,
168 1811 403 1932 '·expliceut,
448 1799 669 1906 amplitudine
688 1813 811 1884 leudis
841 1804 1070 1887 antecellunt.
1127 1813 1228 1882 Haec
1255 1831 1308 1884 est

216 1919 306 1983 enim
329 1917 480 1990 omnium
502 1914 694 1983 mortalium
717 1917 857 2006 opinio,
880 1931 931 1983 ut
942 1915 1100 2004 homines
1122 1911 1308 2006 prudentia
1411 1922 1412 1964 l

134 2069 138 2080 .
214 2029 427 2105 praestantes
448 2013 586 2084 summo
596 2013 741 2106 imperio
759 2014 881 2106 dignos
899 2011 1099 2104 existiment.
1150 2013 1236 2084 Inde
1256 2013 1306 2102 lit,

215 2129 256 2192 ιιι
268 2131 516 2231 saepenumero
535 2113 732 2200 multitudo,
757 2137 859 2206 quem
876 2107 1099 2206 praecipitem
1119 2137 1192 2182 esse
1209 2115 1305 2199 dicit,

198 2215 485 2307 imperiumque
485 2213 615 2283 nefarie
637 2214 902 2312 detrectantem,
927 2213 1088 2332 prudenti
1112 2200 1307 2284 homiuili·

58 2379 61 2386 .
94 2374 96 2386 .
129 2312 133 2318 ’
168 2323 175 2404 ᾗ
216 2311 340 2382 ιιιιιιιι·
372 2314 599 2406 obtemperet.
665 2314 824 2405 iutelligit
856 2317 946 2409 enim
976 2309 1128 2386 omnium
1163 2315 1310 2384 salutem

129 2419 132 2426 ’
215 2413 305 2492 illius
329 2419 530 2508 apotoiitate
550 2432 585 2482 et
598 2414 725 2486 iudicio
745 2416 932 2530 contineri,
957 2416 1029 2506 qui
1035 2417 1164 2506 optime
1180 2411 1307 2512 potest,

181 2550 200 2574 ι
217 2511 301 2608 quid
317 2514 476 2584 omuibus
490 2513 573 2583 utile
587 2515 802 2602 summersit,
820 2511 955 2584 ratione
970 2515 1168 2604 prouidere
1202 2514 1318 2606 Quod

139 2661 145 2670 ,
180 2617 200 2667 C
217 2613 388 2706 quidem
374 2639 414 2682 ιιι
436 2615 538 2682 rebus
561 2595 716 2706 singull}
722 2615 832 2682 licet
820 2617 1002 2712 inspicere
1052 2614 1195 2706 Aegroti
1215 2605 1314 2684 euim

175 2709 182 2721 ⁸
218 2715 434 2806 quantumuis
452 2718 600 2801 morosi,
622 2714 792 2794 bonorum
813 2700 1056 2782 medicorum
1045 2717 1143 2782 russis
1166 2733 1312 2806 petent,

149 2829 177 2894 ,¹
216 2830 375 2882 uectores
401 2818 511 2883 etiam
517 2813 766 2906 praestantium
789 2814 1052 2908 gubernatorum
1068 2831 1168 2884 nutus
1189 2837 1311 2886 omnes

219 2911 416 2982 obseruari.
473 2907 531 2982 Sic
556 2917 659 2984 etiem
689 2915 810 2982 milites
840 2907 1031 2980 incredibili
1064 2912 1293 2998 alacritate''
1268 2939 1310 2984 ιιι

145 3029 165 3104 J
217 3011 494 3102 imperatoribus
509 3013 693 3098 obediunt,
727 3037 815 3105 quos
839 3035 912 3080 esse
935 3005 1056 3081 uident
1081 3016 1132 3082 rei
1156 3012 1310 3084 militat‘u

100 3143 103 3150 ι
217 3113 360 3215 scientie
356 3111 630 3205 praecellentes.
670 3113 777 3180 Hoc
760 3131 847 3214 rtem
862 3115 898 3179 in
914 3112 1053 3204 reliquis
1069 3085 1206 3198 artibus,
1232 3121 1311 3202 (ne-

120 3247 125 3258 ι
177 3213 192 3311 ι’
219 3202 287 3305 que
305 3213 395 3278 enim
411 3233 536 3280 omnes·
549 3233 750 3329 percurrere
763 3221 904 3281 necesse
921 3217 989 3294 est)
1005 3216 1146 3281 euenire
1162 3231 1310 3301 constat,

217 3328 369 3410 tentum
385 3335 568 3409 quemque
580 3314 795 3382 euetoritatis
831 3312 881 3380 ad
904 3313 1141 3405 imperandum
1169 3313 1310 3401 habere,

177 3408 181 3416 ²
219 3429 394 3506 quantum
397 3400 619 3512 intelligentie
636 3436 721 3480 suae
737 3416 815 3480 artis
834 3411 976 3480 excellit.
1031 3413 1169 3504 Quod
1158 3435 1196 3480 ιιι
1210 3415 1312 3506 Reip.

108 3515 111 3522 ’
193 3509 391 3605 'regendae
415 3514 558 3581 scientia
583 3517 727 3582 maxime
750 3515 907 3588 cernitur.
957 3511 1079 3580 Nemo
1109 3505 1198 3580 enlm
1222 3511 1312 3584 adeo
1384 3559 1389 3575 ,

217 3631 333 3680 mente
352 3629 468 3730 ceptus
485 3630 554 3698 est,
580 3630 707 3681 utnon
724 3612 905 3704 intelligat,
932 3635 991 3680 eos
1007 3611 1125 3710 selune
1141 3634 1217 3680 osse
1239 3636 1315 3681 uon

172 3729 189 3770 »¹
218 3736 334 3804 posse,
348 3715 410 3806 qui
425 3717 570 3818 spectati
584 3715 732 3782 hominis
749 3713 945 3780 consilium
943 3721 1183 3830 aspernantur.
1218 3713 1314 3806 Ergo
1404 3747 1409 3757 =

163 3889 176 3899 ι,
220 3813 393 3895 cauimus,
417 3836 519 3904 quem
535 3835 654 3880 omnes
669 3813 832 3880 mortales
848 3812 950 3903 plane
964 3815 1093 3904 regiam
1110 3816 1311 3896 eiistimrnt,

219 3933 289 4002 quo
314 3911 455 3981 tandem
479 3914 593 3981 modo
615 3911 690 3980 fieri
712 3929 847 4004 potest,
880 3929 918 3979 ut
939 3911 1084 4004 gloriae
1091 3907 1313 3982 eduei'setur?

218 4011 403 4104 Sequeude
428 4030 496 4096 eat,
526 4017 660 4114 inquis,
692 4013 786 4105 uulgi
807 4010 979 4079 temeritas
1003 4012 1063 4098 ιιι,
1090 4015 1164 4102 qui
1177 4009 1388 4130 priblice

107 4101 110 4118 ’
159 4117 163 4127 “
218 4110 349 4179 laudari
365 4115 517 4206 cupiunt.
556 4093 739 4203 Sequenda
753 4111 902 4203 quidem,
923 4137 952 4179 ιι
942 4101 1109 4182 breuem
1125 4129 1160 4181 et
1176 4115 1325 4180 inanem

157 4273 164 4282 .
218 4202 355 4280 laudem
373 4227 558 4320 appetunt,
583 4235 685 4302 quam
701 4235 868 4280 summum
892 4215 1004 4280 statim
1029 4197 1181 4319 dedecus
1206 4229 1244 4306 ιι
1261 4215 1315 4280 ιιι-

304 4481 367 4557 Ιὲιι
528 4511 530 4528 ι

400 4566 411 4586 l
