2860 4740
100 303 106 332 l

9 231 10 234 Ν
66 145 105 250 Ῠ
157 147 231 284 ιιι
282 197 294 208 “
515 149 651 314 nn
666 173 913 298 eteris

193 405 313 453 omnes
333 339 459 464 ierme,
480 379 540 470 qui
560 375 704 468 gloriam
723 374 826 462 armis
848 361 994 442 assecuti
1011 376 1109 455 sunt,
1134 338 1340 440 iniustos

104 561 108 572 ,
195 503 233 556 et
257 458 405 552 lrumano
432 480 551 574 generi
578 477 731 558 infestos
752 477 918 548 extitisse.
948 462 1182 566 relinquitur,
1198 467 1321 538 nihil

90 650 94 658 ,
126 581 127 588 ¹
194 583 302 680 ma'gis
324 593 477 678 pugnare
498 606 575 650 cum
595 583 744 664 iustitia,
764 587 876 674 'quam
898 575 1027 668 gloriae
1050 573 1298 672 cupiditatem.-

74 730 79 747 ι
164 738 169 751 ·
194 693 312 758 Haec
309 693 418 770 enim,
443 702 482 752 ut
504 685 632 751 dictu'm
655 699 718 766 est,
738 696 881 772 propter
901 677 1073 744 honorum
1083 677 1287 742 contentio·

180 779 275 876 'nem
297 791 460 856 intestina
482 785 570 854 bella
599 789 767 864 concitat,
798 781 1011 872 patriamque
1041 780 1147 848 omni
1163 775 1289 844 crude-

172 867 293 960 xlitate
318 891 462 968 lacerat,
494 885 677 978 multisque
708 883 907 952 uulneribus
943 881 1110 970 impositis
1145 877 1288 947 tandem
1317 885 1321 891 ’

199 994 384 1080 extinguit.
427 987 530 1056 Nulla'
560 989 710 1078 denique
730 1003 825 1053 tanta
855 987 978 1054 iniuria
983 1001 1069 1069 eet,
1104 973 1289 1074 quianon

129 1115 131 1125 ⁴
165 1095 324 1161 „habeat
344 1107 458 1160 ortum
479 1115 499 1157 e
498 1085 649 1180 gloriae
671 1089 869 1182 cupiditate.
956 1173 981 1181 ..

324 1273 386 1342 111.-
411 1273 582 1360 Nunc,
555 1299 583 1340 ιι
605 1273 721 1372 lubet,
742 1269 981 1369 fortitudinem
1002 1213 1213 1385 uitieamus.

108 1521 112 1534 ι
177 1513 183 1546 ¹
276 1389 496 1533 Perge,
478 1413 662 1532 usquam3
655 1441 739 1508 hic
772 1441 863 1508 enirn
899 1435 1028 1506 audire
1049 1437 1170 1566 cupio,
1206 1369 1292 1524 quii

35 1599 39 1607 .
92 1571 95 1594 ·
203 1547 360 1642 sentias.-
955 1572 959 1580 =

174 1714 177 1722 ’
244 1755 251 1770 ,
328 1671 495 1784 Primum,
512 1701 660 1800 inquit,
694 1711 746 1763 est
780 1692 979 1761 euellendus
1011 1695 1108 1761 error
1138 1684 1294 1756 omniurn
1330 1677 1334 1684 ’
1395 1775 1399 1782 .

198 1793 355 1866 ‘animis
343 1805 475 1868 insitus.
519 1798 713 1890 Opinantur
730 1799 838 1882 enim,
860 1795 944 1862 nihil
962 1819 1052 1878 esse,
1075 1793 1170 1884 quod
1185 1794 1301 1888 magis

205 1903 371 1971 accendat
393 1908 541 1971 animum
571 1904 613 1970 ad
637 1901 803 1990 egregiae
823 1901 960 1964 uirtutis
989 1895 1158 1979 studium,
1190 1917 1297 2016 quarn

207 1989 347 2071 eximiae
367 2005 555 2074 nobilitatis
578 2004 796 2071 desiderium.
836 2001 916 2070 Hoc
932 2017 1046 2069 autem
1065 2003 1191 2096 euenit,
1214 2001 1297 2090 quia

133 2107 162 2206 'M
205 2113 326 2196 'parum
349 2125 450 2177 acute
463 2109 610 2194 uident,
633 2111 798 2198 quantutn
814 2105 950 2194 intersit
969 2105 1061 2172 iriter
1080 2104 1243 2167 uirtutem
1260 2115 1311 2191 et,-

210 2209 406 2292 audaeiam,
438 2226 473 2276 et
495 2226 660 2302 quantum
687 2209 731 2275 ab
763 2209 866 2274 animi
887 2205 1241 2296 uragnitudine,furor
1262 2218 1298 2270 et

130 2365 135 2376 ι
209 2316 357 2398 amentia
385 2313 532 2382 differat.
582 2313 673 2382 Nam
701 2315 731 2411 si
753 2331 889 2393 omnes,
930 2311 991 2400 qui
1019 2329 1225 2400 quacunque
1253 2305 1299 2374 de

211 2414 312 2481 cauia
339 2438 415 2482 sese
446 2415 663 2506 intrepide'
652 2411 690 2510 tn
720 2411 891 2484 armorum
922 2411 1103 2480 discrimen
1128 2411 1299 2496 inferunt,

209 2511 317 2582 fortes
341 2509 536 2608 appellandi
556 2533 651 2594 suut.
680 2541 742 2586 cur
768 2541 841 2586 non
871 2539 988 2584 omnes
1010 2517 1150 2582 sicarios
1171 2529 1207 2580 et
1227 2513 1300 2603 gla-

153 2627 155 2635 ‘
197 2618 361 2694 ¹,dictores
389 2618 571 2686 multum
560 2621 783 2708 insanguine
802 2634 847 2684 et
876 2611 994 2682 caede
994 2634 1178 2688 uersatos
1191 2617 1301 2684 fortes

200 2715 464 2818 appellamus?
493 2723 546 2800 Eit
579 2724 669 2790 enim
706 2743 890 2810 persaepe,
921 2734 961 2785 ut
989 2720 1119 2785 maiora
1145 2717 1303 2786 facinora

207 2817 357 2918 ¹edant'
347 2846 384 2887 ιιι
411 2807 513 2916 turha
539 2823 666 2913 perditi
686 2823 859 2928 homines,
897 2841 1011 2910 quam
1025 2822 1062 2886 in
1082 2818 1212 2910 praelio
1235 2843 1301 2922 pro

196 2921 321 3006 patria
342 2923 430 2990 inito
460 2925 526 2988 uiri
555 2925 700 2988 uirtute
708 2902 933 3010 praestantes.
984 2919 1078 3008 Quid
1107 2936 1159 2988 est
1184 2924 1303 3010 igitur,

215 3041 286 3110 qno
308 3023 417 3090 uirtus
438 3024 482 3092 ab
505 3021 648 3090 audacia
667 3039 702 3088 et
715 3015 909 3100 temeritate
922 3009 1100 3114 praecipiti
1116 3023 1305 3144 distingua—
1391 3013 1396 3024 ’

213 3123 294 3193 tur?
340 3121 490 3190 Primum
513 3124 658 3216 quidem
686 3140 803 3190 rectae
831 3125 969 3188 rationis
997 3121 1196 3213 imperium,
1229 3129 1305 3194 sine

217 3245 286 3313 quo
287 3223 400 3315 nulla
421 3229 541 3292 mentis
564 3225 702 3314 affectio
730 3227 859 3315 poterit
887 3221 930 3289 ad
951 3223 1088 3316 uirtutis
1110 3227 1305 3318 amplitudi-

44 3327 46 3336 ’
158 3353 161 3361 ·
214 3349 294 3392 nem
314 3329 498 3416 pertinere.
542 3329 639 3417 Quos
659 3329 748 3393 enim
763 3349 835 3393 non
850 3328 937 3392 ratio
953 3325 1107 3422 impellit
1128 3329 1190 3394 sed
1209 3329 1306 3396 furor

172 3497 174 3502 ,
216 3430 365 3518 exagitat
386 3429 430 3495 ad
450 3427 601 3518 pericula
621 3427 819 3512 subeunda,
841 3450 913 3494 non
934 3428 1036 3493 modo
1051 3452 1171 3517 parum
1186 3431 1317 3516 fortes,

178 3575 180 3578 -
217 3529 279 3596 sed
299 3555 346 3598 ne
366 3529 537 3598 homines
546 3533 685 3622 quidem
712 3528 862 3598 habendi
883 3547 1003 3596 sunt.
1024 3531 1097 3598 Cur
1124 3533 1216 3632 enim
1243 3533 1308 3599 hac
1418 3547 1420 3564 ¹

157 3711 162 3724 x
197 3661 199 3668 ·
219 3634 339 3699 eximia
359 3631 462 3702 laude
483 3655 557 3700 non
577 3633 693 3698 leones
715 3648 750 3700 et
769 3632 1000 3722 pantheras,
987 3610 1025 3701 ri
1029 3633 1167 3724 quibus
1184 3615 1308 3702 natura

131 3783 136 3802 ,
189 3731 421 3824 'incredibile
440 3735 550 3800 ιο1ιιιι
576 3736 721 3818 insanit,
752 3757 969 3802 ornaremuss
1007 3737 1037 3801 si
1058 3737 1167 3800 uirtus
1195 3726 1310 3826 aliqua

221 3852 336 3921 posset
364 3837 437 3904 sine
468 3834 597 3904 lumine
629 3835 917 3928 rationisaliquo
954 3836 1060 3904 modii
1099 3841 1311 3909 consistere?

221 3935 312 4002 Tum
335 3937 471 4004 demum
491 3941 597 4029 igitur
618 3941 737 4006 existet
764 3939 849 4006 illud
879 3939 981 4005 animi
1003 3931 1112 4008 robur
1130 3941 1309 4036 inuictum,

214 4055 306 4107 'tunc
315 4081 320 4122 ,¹
329 4039 493 4111 eminebit
513 4039 568 4106 illa
597 4043 733 4108 uirtutis
761 4037 985 4131 praestantia,
1016 4061 1118 4130 quam
1145 4037 1318 4114 excelleu-¹

205 4151 294 4220 ⁸t'em
317 4155 420 4242 atque
440 4162 531 4229 pene
553 4140 704 4248 diuinam
719 4141 945 4210 arbitramur:
980 4165 1058 4208 cum
1085 4141 1182 4231 ratic
1203 4133 1315 4230 impe-⁴
