2860 4732
800 45 804 74 ι
871 34 874 42 ,

352 197 582 326 utana
618 203 970 382 aurursus
1088 289 1093 296 -
1139 251 1202 349 ιιι
1262 323 1268 332 ,

211 375 239 418 s
244 349 247 368 .

96 431 212 504 'satis
213 430 284 501 brit
307 445 407 503 tnt'ea
431 387 711 501 demonstratum.
760 429 799 498 ld
823 403 937 498 autem
958 427 1106 520 impulit
1115 430 1202 498 Pau·
1239 437 1251 472 ·¹
1313 437 1324 471 '·
1415 469 1416 480 ι

115 535 187 604 lum
207 535 360 604 diuinum
373 531 582 615 hominem,
590 548 629 597 ut
641 548 712 598 tam
734 552 840 620 saepe
860 551 939 609 eos,
965 553 1063 622 quas
1060 529 1168 598 ad
1135 537 1203 598 utr'·

65 637 197 702 'tutis
233 627 473 710 altitudinem
483 634 636 714 instruit,
685 629 794 697 laudis
835 632 1000 698 suauitate
1034 628 1218 704 delinires..

68 787 71 794 .
114 731 353 802 Romanorum
367 734 456 817 enim
479 733 598 820 pietati
616 747 718 820 atque
741 725 904 820 religioni
912 727 1081 818 gratulans
1104 715 1203 797 dicits

116 855 260 914 „eurum
276 830 423 898 famam
413 853 480 896 ram
493 827 587 898 lines
600 830 691 898 orbis
708 845 870 904 terrarum
886 849 1091 917 peragrasse
1127 815 1205 913 „Ad
1264 857 1266 861 ·
1301 811 1349 926 Γ
1416 907 1417 918 χ

9 1009 12 1024 ν
95 929 356 1021 [Philippenses
384 952 467 1002 uero
494 928 666 1020 scribens,
704 937 787 1012 „eos
805 931 878 1009 ait,
914 925 1019 994 in'star
1047 928 1206 1024 siderum,

58 1027 60 1040 '
118 1030 259 1114 „iumen
292 1037 388 1094 suum
415 1028 520 1120 longe
549 1024 687 1119 lateque
720 1027 943 1103 diffundere.“
1009 1018 1206 1096 Corinthios
1310 1080 1313 1101 .

21 1168 25 1180 ι
119 1131 234 1196 autem
257 1131 485 1226 „sanctissima
506 1129 633 1219 templa
653 1120 757 1220 atilae
773 1126 915 1210 delubra
929 1101 1035 1206 diuini
1049 1130 1206 1216 spiritus“

120 1227 305 1332 appellat.
342 1229 472 1308 Omnes
501 1228 670 1320 denique,
704 1226 766 1294 ad
758 1237 862 1318 quos
886 1227 1025 1316 scribit,
1051 1226 1207 1296 laudibus

48 1310 51 1332 ¹
100 1315 246 1412 Ιιιιιιιιιι
262 1312 305 1393 ad
327 1329 463 1417 pietatis
483 1342 655 1394 certamen
677 1325 832 1396 alacrius
830 1327 1038 1396 ineundum.
1066 1327 1207 1394 Petrus

44 1475 46 1483 ι
81 1449 99 1496 2
119 1430 204 1494 item
217 1435 321 1544 quam
337 1425 766 1543 magnificeexorqeteos,
769 1447 879 1528 quos
897 1426 1119 1502 adsummum
1133 1435 1209 1518 gra-¹
1277 1483 1279 1490 .
1391 1473 1393 1480 -

11 1583 14 1600 .
121 1511 226 1592 dum'
238 1527 370 1594 uirtutis
407 1525 621 1612 adhortatur!
680 1476 792 1612 ‚,V0’s,
830 1529 958 1629 inquit,
996 1528 1074 1593 estis
1104 1549 1209 1628 genus
1256 1587 1261 1598 .
1319 1531 1323 1538 ’

113 1625 315 1712 ·,‚elect'um,
336 1628 492 1718 regium,
508 1633 761 1700 sacrosanctum
778 1643 813 1693 et
830 1625 872 1692 ab
888 1629 982 1694 omni
998 1642 1108 1694 terrae
1127 1649 1211 1692 con·
1278 1631 1285 1640 '
1355 1607 1358 1616 ¹

124 1729 287 1816 „tagione
313 1743 480 1794 secretum
505 1741 539 1794 et
558 1725 714 1792 liberum
717 1730 738 1766 “
788 1725 859 1793 Sed
884 1727 966 1817 quid
980 1727 1107 1792 horum
1131 1749 1226 1800 coe
1297 1743 1321 1769 '-

10 1901 11 1906 1
122 1824 258 1901 lestium
284 1827 472 1898 bominum
484 1828 692 1914 testimoniis
708 1829 847 1894 utimurt
882 1837 958 1892 eum
984 1828 1126 1942 ipsum
1124 1825 1257 1892 coeli

124 1924 302 1991 dominum
335 1909 508 1992 auctorem
535 1907 771 1998 babeamus?
797 1925 991 2023 Discipulos
1018 1929 1107 2018 enim
1134 1937 1251 1992 s'uoe·

123 2047 246 2090 coram
268 2023 444 2109 laudans,
456 2049 516 2092 eos
533 2025 650 2092 mundi
666 2026 774 2092 lucem
797 2025 963 2114 appellat3
991 2039 1025 2092 et
1041 2042 1078 2090 ut
1094 2027 1214 2092 ciuitas
1257 2051 1260 2058 ’

125 2125 165 2188 in
175 2124 276 2194 adito
293 2113 393 2191 loco
392 2141 425 2190 et
445 2123 578 2191 excelso
593 2115 656 2192 sita
675 2121 837 2192 occultam
853 2121 1002 2221 nequiit:-
997 2128 1062 2190 ita
1078 2125 1216 2192 illoruui

128 2221 360 2298 excellentem
371 2225 529 2292 uirtutem
555 2223 657 2292 celari
679 2241 715 2290 et
730 2224 894 2291 occultari
911 2247 983 2291 non
1004 2245 1105 2314 posse
1130 2247 1215 2290 con-

9 2339 22 2366 '·
60 2353 61 2358 ’
126 2319 253 2398 firmat}
274 2353 276 2358 ¹
300 2321 363 2390 His
391 2325 494 2412 igitur
517 2321 704 2390 laudibus
697 2347 756 2388 eos
777 2325 1012 2394 uehementius¹
1039 2322 1215 2401 allicittad

129 2443 251 2488 omnes
272 2438 619 2539 tempeststesatque
641 2421 806 2511 procellas
826 2425 957 2490 inuicto
981 2421 1216 2497 animosube-
1326 2431 1329 2438 '

119 2513 585 2612 'undas.Eigo's1tantum
600 2525 730 2590 uirtutis
746 2525 1004 2590 instrumentum
1022 2538 1072 2588 est
1093 2523 1129 2586 in
1145 2521 1217 2590 lau'·

99 2653 102 2657 ·
130 2619 183 2686 dis
209 2624 376 2688 suauitate
400 2623 569 2712 positum,
602 2638 640 2688 ut
665 2644 705 2687 ea
732 2621 852 2687 sibi
817 2625 883 2688 utri
907 2620 1061 2689 coelesti
1057 2619 1249 2722 quadam

130 2717 235 2811 atque
255 2711 371 2794 diuina
386 2724 514 2788 uirtute
531 2721 694 2810 praediti,
720 2720 939 2794 utendum
907 2745 979 2810 esse
996 2717 1152 2788 duxerint
1174 2691 1249 2786 ad

131 2824 265 2910 animos
297 2821 474 2890 homiuum
501 2844 618 2888 amore
649 2823 785 2910 pietatis
810 2803 1045 2889 uehementius
1071 2821 1217 2893 incitatr-
1254 2815 1271 2830 ”

60 2971 66 2982 .
128 2913 216 3007 dos3
242 2922 271 2986 si
291 2921 474 2987 Christus
464 2943 693 3009 ipsesuorum
715 2939 846 2990 mentes
871 2922 1093 3010 adsummum
1108 2924 1218 2986 uirtu-
1266 2965 1273 2974 -

130 3021 174 3085 tis
194 3015 342 3086 studium
364 3019 619 3111 magnificentia
633 3001 742 3095 laudis
766 3023 968 3092 inflammat:
993 3043 1218 3135 possumusne
1287 3047 1296 3056 ·
1381 3047 1384 3054 ·

132 3105 306 3203 dubitare,
341 3123 423 3212 quin
449 3120 521 3187 laus
553 3125 687 3212 egregia
716 3125 760 3189 sit
783 3121 934 3200 diuinum
961 3121 1166 3224 quoddam
1156 3131 1220 3188 rui·
1251 3155 1254 3167 ¹

131 3217 323 3286 becrllrtatrs
338 3221 507 3288 humanae
520 3220 730 3306 subsidium,
749 3223 810 3289 --ιιι
808 3245 936 3290 omnes
953 3221 1089 3292 labores
1107 3239 1219 3286 animo
1282 3249 1293 3294 ⁴.
1325 3247 1328 3256 ’
1361 3221 1364 3229 “

131 3339 276 3385 maximo
295 3318 518 3409 perferendos
535 3320 635 3386 ualde
649 3327 897 3392 necessarium
882 3325 1002 3388 Iam
1017 3319 1099 3388 1llud
1113 3338 1244 3403 quan
1295 3381 1316 3396 ,,
1366 3327 1368 3336 ’

53 3489 58 3504 ¹
131 3421 290 3486 tumeat?
318 3422 431 3499 Omne
446 3417 606 3490 uidelicet
619 3421 887 3487 Christianorum
903 3419 1064 3501 studium,
1082 3435 1220 3482 omnem
1263 3480 1266 3490 ,

132 3535 292 3603 operam,
316 3511 534 3603 industriam,
560 3542 692 3602 curam,
718 3522 979 3610 cogitationem,
1004 3539 1141 3584 ornnem
1157 3512 1235 3604 'des
1281 3545 1284 3552 ·
1309 3563 1312 3570 .

131 3615 238 3702 nique
255 3630 402 3687 mentem
420 3641 493 3684 esse
508 3617 552 3684 ad
568 3641 781 3706 communem
798 3618 939 3688 salutem
955 3620 1088 3708 generis
1103 3615 1222 3682 huma·
1272 3655 1277 3704 2
1359 3617 1362 3626 ⁴

59 3753 66 3768 ι
130 3713 468 3802 nioonlerendami-
524 3718 616 3806 Quid
649 3735 760 3786 autem
791 3721 895 3810 magis
928 3721 1084 3786 homines
1114 3717 1255 3798 iuue't,''
1356 3723 1360 3738 ¹

133 3835 255 3904 quam
253 3818 416 3906 egregiae
439 3814 549 3884 famae
567 3815 743 3886 celebritas
765 3836 800 3885 et
808 3816 1020 3908 amplitudo,
1046 3817 1222 3908 haudqua-

133 3934 236 4004 quam
259 3918 448 4004 reperietis.
487 3919 561 3984 Est
587 3917 724 4007 quidem
748 3915 930 3987 liberalitas
948 3927 990 3984 et
986 3915 1222 3986 beneficentia
1278 3996 1280 4005 Ι
1333 3889 1351 3927 “¹

133 4013 214 4104 satis
235 4007 342 4082 utilisr
361 4007 443 4081 sed
477 4040 518 4083 ea
543 4018 669 4084 utilitas
706 4011 749 4084 ad
776 4017 900 4086 multos
924 4040 1124 4110 permanare
1148 4040 1242 4088 non

80 4183 82 4187 ,
133 4095 280 4226 poisat,
310 4112 472 4182 Vnius
438 4117 504 4186 uui
523 4115 694 4200 iustitia,
691 4111 805 4190 unius
826 4116 974 4186 ciuitatis
1001 4138 1086 4208 opes¹
1112 4118 1223 4184 conti
1307 4125 1317 4134 ‘

20 4260 24 4268 ,
134 4229 211 4313 uem
228 4210 380 4326 ,tenuis
395 4212 589 4310 ,aliquando
615 4233 780 4308 possuntt
810 4241 908 4314 -quae
931 4212 1047 4288 tamen
1076 4218 1136 4312 illo
1167 4239 1225 4284 ex·
1304 4279 1315 4296 ,,
1399 4213 1401 4220 ’
