2860 4740
379 245 945 414 '‘ntannsnttuus
1089 283 1200 382 ·’5

110 457 262 574 quodam
283 495 302 544 a
323 495 380 557 me
401 501 490 552 curn
498 467 696 578 ιιιιιιιίιιίιιιι5
718 463 926 554 amicissimis
950 473 1127 562 habito,
1121 499 1200 546 cnm
1229 445 1318 540 s
1403 470 1405 477 ’

110 595 221 656 essem
240 576 440 662 Bononiae,
461 595 598 648 uersata
618 594 708 652 sunt.
759 580 798 646 ln
822 603 892 697 quo
913 600 1074 671 sermone
1093 577 1199 646 multa

108 692 190 742 sunt
212 677 400 765 adducta,
410 705 500 772 quae
527 681 634 748 totius
662 677 792 774 gloriae
817 683 887 748 uim
906 698 1009 786 atque
1030 672 1199 776 rationem
1299 683 1304 690 '

109 771 244 866 facilius
266 783 431 868 aperient
480 781 555 848 Hos
579 793 693 846 autem
720 755 875 872 dialogos
895 769 967 862 tibi
981 781 1094 847 dicare
1115 805 1199 850 con-

98 855 223 962 suini,
244 885 388 977 partim
396 899 436 950 ut
444 884 568 951 hcc'
558 884 688 970 ingenii
708 901 869 966 munere,
898 885 1028 976 exiguo,
1039 882 1099 952 illo
1123 886 1199 974 qui·
1218 921 1238 978 ,¹
1288 883 1290 890 ’
1367 862 1369 870 ‚

47 1064 50 1080 Ι
111 977 210 1065 dem,
230 982 292 1054 sed
307 997 334 1048 a
354 1006 431 1052 non
450 986 627 1074 exigusin
646 997 683 1055 ta
702 987 833 1074 pietate
852 974 1028 1074 profeqcto
1049 987 1199 1054 animum

109 1103 190 1172 erga
212 1097 248 1149 te
276 1107 390 1167 meum
404 1081 642 1186 declararem
672 1091 795 1180 partim
823 1105 864 1156 ut
883 1090 936 1155 tui
958 1089 1110 1156 nominis
1127 1109 1199 1154 am·
1204 1165 1209 1176 ι

106 1183 278 1274 plitndine
298 1205 334 1255 et
355 1191 559 1286 auctoritate
581 1193 752 1273 munitus,
789 1188 921 1258 la'cilius
944 1211 1061 1268 omnes
1078 1209 1198 1278 repre-
1262 1241 1268 1252 .

107 1285 325 1358 hensorum‘
314 1308 461 1382 impetus
484 1315 644 1365 arcerem.
685 1287 848 1382 Acc‘edit,
879 1294 987 1390 quod
1001 1291 1084 1362 nihil
1111 1293 1199 1382 apti·
1272 1311 1278 1336 ·
1331 1329 1362 1347 .,

108 1409 149 1456 us
168 1392 249 1456 mihi
270 1391 471 1478 uidebatur,
502 1415 608 1516 'quam
626 1394 733 1463 libros
755 1396 799 1462 dc
819 1395 938 1506 gloiia
947 1396 1129 1514 inscriptos
1149 1391 1204 1462 illi
1288 1417 1333 1486 ‘x
1403 1437 1406 1444 -

86 1494 255 1588 ,principi
283 1491 518 1594 consecrare,
536 1498 596 1590 qui
625 1513 676 1566 est
696 1501 861 1584 uirtutum
884 1495 1102 1568 maximarum
1123 1489 1195 1586 glo·

106 1597 159 1695 ria
185 1603 501 1686 praestantissimus.
563 1601 640 1668 Nec
668 1605 759 1666 enim
788 1617 827 1668 tu
848 1602 878 1667 is
902 1623 955 1682 es,
982 1601 1044 1694 qui
1064 1596 1199 1668 lenitati

106 1703 270 1784 servias,
296 1703 392 1772 cuius
427 1689 564 1774 studia
571 1702 622 1772 ad
649 1695 809 1793 plausum
842 1703 961 1796 populi
993 1703 1219 1786 referantur,

109 1825 212 1892 quem
228 1805 356 1872 misere
377 1805 556 1896 distringat
585 1807 724 1881 ambitio
749 1824 784 1874 et
811 1823 1040 1874 transuersum
1063 1821 1082 1870 a
1103 1819 1219 1892 recta:
1316 1829 1321 1844 ¹
1415 1843 1418 1852 ·

70 1897 74 1914 '
106 1903 252 1974 uiuendi
272 1909 328 1972 uia
350 1907 524 2002 deducam
550 1907 612 1974 sed
635 1911 695 1998 qui
715 1911 808 1975 uitae
830 1906 971 2016 consilia
991 1905 1036 1974 ad
1057 1907 1205 1972 attactis..¹

107 2008 227 2117 simqm
247 2009 452 2098 prudentiae
472 2033 627 2076 normam
650 2011 784 2101 dirigas,
806 1999 996 2100 omnesque
1014 2024 1101 2078 tuas
1113 2011 1199 2080 acti-
1228 2037 1234 2046 ’
1275 2031 1301 2046 ·’

10 2195 12 2202 ι
79 2103 90 2138 ·’
109 2087 195 2178 cnei
227 2135 332 2178 uerae
366 2115 503 2179 uirtutis
539 2115 769 2206 perfectique
790 2113 894 2182 officii
927 2117 1063 2186 ratione
1098 2093 1199 2180 meti·

10 2297 11 2300 ι
109 2215 187 2294 aris.
249 2215 337 2280 Ciam
368 2231 482 2294 antem
511 2218 555 2280 sis
584 2221 678 2283 omni
713 2218 884 2308 dignitate
890 2220 1085 2336 princeps,
1116 2209 1230 2304 ιιιιιιΙ

62 2377 65 2386 ,
99 2311 211 2387 =lande
238 2299 410 2408 religionis
439 2333 543 2407 atquc
570 2323 765 2388 sanctitatis
777 2341 812 2386 es
834 2324 870 2385 in
890 2321 1007 2408 primis
1029 2318 1199 2388 admirati

80 2484 83 2490 ,
109 2414 182 2482 dns
211 2417 328 2505 Quis
341 2422 430 2483 enim
451 2441 600 2510 unquam
623 2419 787 2488 maiorem
809 2419 1020 2508 diligentiam
1042 2419 1198 2490 adhibuit
1287 2480 1292 2494 ,

11 2522 39 2608 ᾖ·
74 2517 86 2528 “
106 2520 143 2582 in
166 2521 270 2606 sacris
290 2519 430 2586 aedibus
451 2523 681 2606 exstruendis,
701 2527 737 2590 in
758 2525 862 2592 robus
886 2523 1010 2588 diuinis
1032 2525 1098 2588 rita
1119 2543 1198 2610 per·
1264 2543 1267 2548 “

69 2650 72 2661 ·
107 2619 267 2738 agendis,
297 2624 335 2688 in
352 2620 546 2690 ‘sceleribus
570 2612 752 2714 impiorum
773 2626 951 2694 hominum
972 2621 1201 2692 uindicandisr

106 2723 144 2788 in
165 2723 290 2790 Christi
309 2729 450 2798 nomine
470 2726 733 2816 propagando?
761 2713 906 2812 Opera
911 2728 1002 2816 enim
1028 2738 1089 2791 tua
1112 2723 1197 2792 effo-

107 2833 203 2896 ctum
221 2831 282 2906 est,
303 2840 350 2891 ut
354 2827 616 2902 innumerabiles
635 2829 734 2896 Asiae
753 2831 935 2930 ιιιιίοιιει,
945 2827 1056 2915 patria
1078 2847 1198 2920 super·

101 2921 244 2992 stitione
264 2927 463 3016 repudiata,
492 2946 528 2998 et
548 2929 696 3022 pristinis
718 2909 821 3020 atqie
842 2929 1040 2996 inueteratis
1059 2929 1197 2996 institu-

37 3075 43 3086 .
103 3029 150 3090 tis
179 3030 319 3097 omnino
347 3027 493 3113 relictis,
512 3053 598 3098 sese
627 3029 674 3096 ad
706 3027 877 3111 Christum
907 3029 1042 3095 ardenti
1078 3029 1193 3098 studio
1299 3057 1301 3066 ’

106 3127 323 3216 contulerint.
372 3131 455 3202 Non
482 3147 534 3196 cst
558 3133 663 3222 igitur
689 3135 832 3215 mirum,
863 3133 893 3196 si
922 3126 1062 3216 aliarum
1084 3127 1194 3193 uirtu-

104 3244 179 3296 tum
206 3231 363 3301 laudibus
391 3232 562 3316 abundas,
600 3253 677 3300 cum
707 3231 796 3298 hanc
821 3253 945 3330 uuam,
982 3250 1090 3320 equa
1113 3227 1193 3296 reli-

105 3353 195 3422 quae
215 3355 342 3402 omnes
377 3337 552 3416 οιίιιιιιιιι,
583 3331 688 3405 fueris
715 3327 962 3400 studiosissime
986 3327 1191 3418 complexus.

76 3435 161 3502 'Tu
183 3420 399 3553 singularia'
388 3436 539 3542 iustitiae
565 3431 737 3523 praesidio
765 3457 871 3524 rentp
898 3450 1008 3501 tutam
1028 3429 1070 3496 ab
1096 3433 1191 3498 omui
1229 3517 1232 3524 Ι
1275 3451 1291 3472 -’

102 3539 255 3626 pernicie
277 3529 487 3616 conserues,
509 3549 548 3602 tu
576 3553 688 3606 mores
715 3537 849 3623 patriae
873 3533 1030 3600 fluentes
1041 3527 1190 3618 discipli-

101 3660 171 3706 nae
191 3641 373 3709 seueritate
400 3639 573 3725 deuincis3
608 3652 648 3702 tu
667 3637 878 3726 Lusitaniam
900 3651 1000 3701 antea
1020 3633 1188 3704 bonarum

102 3744 227 3812 artium
254 3739 374 3810 rudem
403 3741 561 3812 omnibus
587 3740 790 3830 disciplinis
783 3734 1037 3806 instruendam
1069 3755 1185 3824 curas·

100 3859 161 3912 tua
189 3841 351 3930 singulari
383 3843 547 3932 sapientia
582 3842 741 3908 effectum
770 3855 846 3922 est,
882 3853 933 3906 ut
949 3839 986 3903 in
1014 3819 1187 3910 communi
1293 3917 1296 3933 .

22 3999 26 4014 .
102 3947 315 4014 Christianae
348 3948 432 4035 reip.
466 3943 626 4012 incendio
657 3946 748 4010 inter
776 3939 986 4010 Christianos
1013 3938 1185 4027 principes

101 4052 264 4134 excitato,
286 4044 358 4113 sola
378 4048 553 4116 Lusitania
573 4043 703 4110 'summa
724 4064 843 4134 paco
829 4040 1010 4108 frueretur.
1057 4039 1096 4135 Ιιι
1115 4039 1184 4105 tuis
1282 4073 1288 4083 ι

101 4166 213 4218 autem
234 4149 389 4228 laudibus
410 4147 468 4216 illa
489 4163 541 4214 est
552 4148 714 4214 omnium
735 4124 935 4232 clarissima,
969 4139 1064 4232 quod
1086 4139 1184 4208 Chri·
1272 4179 1277 4191 ι

101 4269 172 4320 stus
199 4251 339 4322 numine
360 4275 425 4322 suo
444 4268 481 4336 te
492 4251 673 4352 protegit,
703 4247 768 4314 tibi
788 4265 949 4336 praesens
967 4244 1084 4326 adest,
1116 4260 1182 4327 pro
1228 4299 1232 4308 .

892 4549 897 4558 a

863 4564 868 4573 ι
