2860 4732
195 189 217 198 ”
297 251 300 258 ·
370 149 932 371 ΒΒΒΒΒΒΒΒΒΒΒΒΒ.
1019 207 1023 216 ’
1087 161 1218 303 ‘aa‘
1279 175 1319 316 ,¹

92 463 96 478 «
133 381 233 492 sibi'
222 419 290 510 ipsi
314 413 481 508 placeret!
522 431 624 505 quatu
656 409 835 479 fastidiose
866 411 1040 481 tenuiores
1065 405 1248 508 despice·

68 571 73 586 .
120 522 201 592 ret!
235 541 336 611 quam
360 513 577 587 intoleranda
602 499 763 603 superbia
788 528 823 592 et
848 514 996 580 ΒΒΒΒΒΒΒΒ
1023 497 1220 581 duceretur¹
1311 585 1313 594 ι

102 621 225 730 ¹tlirgo
252 635 289 684 ut
312 615 472 707 superbia
497 615 648 688 nascitur
673 637 714 679 ex
739 615 853 680 animo
880 613 1014 682 abiecto
1035 628 1070 680 et
1092 611 1129 678 in
1154 625 1224 684 ter·
1278 640 1291 664 s

66 720 207 788 '‘*ram
241 718 418 785 demerso·
464 717 523 804 ita·
544 713 712 779 humilitas
749 729 886 800 ortum
893 713 1000 782 habet
1031 712 1074 780 ab
1108 713 1222 778 animo
1256 767 1260 773 .

21 871 26 878 .
131 841 278 910 magun,
305 812 406 900 nihil,
419 790 528 910 quod
542 813 691 916 quidem
715 835 789 880 non
814 818 858 880 sit
878 785 999 882 diuinis
1022 830 1056 880 et
1077 812 1253 879 aeternis
1280 865 1282 870 ,

137 919 259 1009 opibus
294 929 546 1032 exaggeratum,
588 937 744 1006 magnum
781 929 816 980 et
840 913 1006 980 excelsum
1038 913 1233 1006 iudicante.

138 1016 365 1088 Considerate
390 1018 501 1107 igitur,
529 1035 629 1110 quam
656 1012 833 1081 excellenti
855 1018 969 1081 animo
990 1005 1110 1096 sintii,
1138 1033 1226 1103 quos
1274 1091 1279 1102 Ι
1343 1053 1353 1062 -

7 1105 48 1152 ’“
119 1136 256 1186 nostra
275 1116 444 1206 loquendi
469 1113 717 1191 consuetudine
742 1114 885 1182 humiles
902 1114 1124 1214 appellamus
1162 1111 1226 1180 Ni·
1269 1161 1271 1168 ,
1318 1149 1321 1156 ·

138 1219 186 1290 hil
213 1234 264 1285 est
289 1219 379 1282 enim
403 1218 440 1282 ΒΒ
456 1215 558 1311 rebus
583 1216 740 1281 humanis
767 1218 984 1304 quantumuis
1007 1216 1131 1304 insigni
1147 1225 1248 1310 spe*

141 1323 193 1386 cie
219 1317 389 1406 diguitatis
415 1295 613 1414 excultum,
641 1313 744 1405 quod
767 1337 841 1380 non
865 1313 966 1380 facile
993 1303 1260 1402 contemnant,³ae

141 1434 177 1486 et
201 1417 288 1482 inira
314 1440 352 1482 se
377 1416 528 1506 positum
554 1437 627 1482 esse
652 1415 796 1499 ducaut;
828 1415 928 1489 nullis
954 1413 1096 1503 opibus,
1127 1411 1227 1480 nullis

126 1515 375 1608 *facultatibum
400 1514 499 1583 nullis
522 1516 731 1580 ornamentis
752 1514 900 1580 humana
926 1515 1091 1582 industria
1109 1529 1156 1578 ΒΒ
1158 1501 1229 1578 itu·

142 1617 201 1683 dio
225 1619 354 1706 paratis¹
379 1617 532 1682 contenti
558 1631 632 1680 esse
653 1623 826 1702 possunt3
840 1617 950 1704 ipsam
976 1607 1129 1704 denique
1153 1605 1243 1703 glo·

141 1719 226 1784 riam
260 1717 427 1782 auirtute
450 1731 532 1780 uera
557 1713 798 1810 profectam,
810 1737 899 1806 quae
930 1714 1108 1780 hominum
1128 1733 1229 1787 wcom

7 1827 8 1840 ¹
108 1855 110 1863 v
141 1815 390 1890 memoratione¹
413 1816 524 1905 uiget,
550 1837 624 1880 non
651 1812 876 1902 aspernantur
900 1797 949 1880 illi
975 1813 1125 1904 quidem,
1152 1835 1240 1893 cum

142 1941 180 2004 se
205 1915 249 2004 ad
274 1917 432 1981 uirtutem
459 1929 581 1995 natos,
611 1928 649 1980 et
672 1913 814 2003 gloriam
841 1937 914 1980 esse
930 1917 1102 1981 comitem
1123 1916 1230 2008 uirtu·
1317 1917 1324 1934 ‘

7 2033 8 2060 ³
112 1997 186 2098 ,tis
212 1999 423 2104 intelligant,
449 2012 511 2080 sed
538 2037 630 2096 eam,
657 2015 775 2080 nescio
804 2015 1002 2103 quomodo,
1025 2013 1135 2082 multo
1158 2003 1232 2081 ΒΒΒ-
1291 2059 1340 2088 ,.

7 2139 9 2146 ’
67 2103 72 2111 ’
139 2114 297 2186 'iorasibi
310 2123 570 2204 proponentes,
597 2113 751 2205 quotidie
769 2116 875 2202 magis
899 2113 1102 2203 despiciunt·
1142 2115 1232 2182 Nam

57 2247 60 2254 ·
145 2219 261 2284 omnia
287 2217 501 2316 quantumuis
527 2215 649 2306 magna
683 2229 718 2280 et
739 2214 893 2297 excelsa,
935 2217 1052 2304 exigua
1078 2213 1233 2306 putanda

8 2293 9 2300 ¹
66 2375 77 2390 ,
122 2334 241 2400 sunt,
269 2337 344 2382 cum
371 2331 422 2382 est
439 2295 583 2404 aliquid
596 2311 736 2402 amplius
762 2330 796 2380 et
818 2313 1096 2420 magirifirentius.
1135 2313 1234 2380 Licet
1323 2293 1354 2348 ·’

84 2445 91 2452 ·
142 2419 247 2535 igitur
271 2411 315 2483 a‘d
335 2438 454 2480 omnes
474 2415 650 2499 homines,
677 2415 735 2504 qui
756 2413 905 2506 ubique
895 2430 1002 2498 suut,
1028 2432 1233 2506 quacunque

142 2520 183 2584 in
209 2539 269 2583 ora
296 2531 398 2606 atque
414 2530 522 2610 parte
546 2521 732 2602 teirarum,
768 2537 886 2581 eorum
917 2512 1031 2580 fama
1022 2536 1234 2631 permanare
1275 2509 1298 2563 T

146 2619 271 2708 possit:
296 2614 379 2680 nihil
404 2630 536 2694 tamen,
562 2613 659 2704 quod
680 2565 817 2704 quidem
842 2619 886 2682 sit
905 2631 1017 2682 terrae
1037 2617 1164 2702 spaciis
1182 2616 1236 2680 in·
1257 2614 1264 2630 ’

148 2717 296 2800 clusum,
320 2715 384 2780 illis
409 2737 565 2829 magpum
584 2737 657 2780 esse
680 2729 823 2803 potest,
841 2738 900 2805 qur
892 2709 1005 2782 'coeli
1022 2717 1128 2780 etiam
1142 2737 1236 2779 coma
1289 2733 1292 2742 ¹

149 2816 293 2920 plexum
320 2815 590 2904 angustissimum
629 2827 772 2904 putant.
825 2813 953 2930 Neq'ue
989 2829 1133 2904 possunt
1164 2813 1235 2880 ullo

60 2965 63 2975 Β
150 2899 256 2982 niodo
283 2903 441 2988 omnihus
467 2913 566 2980 huius
585 2917 681 2980 'tritae
715 2913 814 2990 bouis
840 2916 973 3008 iatisri,
1017 2917 1076 3004 qui
1100 2934 1258 3004 semper
1357 2897 1360 2910 ¹

42 3026 63 3080 ss
148 3023 331 3088 immensas
367 3026 451 3106 opes
495 3029 530 3081 et
548 3011 709 3080 infinitas
722 2998 950 3094 desiderent
1016 3013 1111 3084 Nihil
1144 3017 1236 3082 enim
1285 3025 1329 3078 Β·

152 3133 276 3208 optant
298 3115 490 3198 ardentius,
527 3137 631 3210 quam
659 3085 815 3182 humanis
841 3113 989 3204 opibus
997 3117 1157 3208 spoliari,
1199 3131 1259 3182 ut·
1333 3197 1334 3202 ἵ

152 3219 273 3287 diuinis
300 3216 547 3306 compleantur.
597 3214 790 3282 Haec1llos
813 3217 1079 3300 curasoltcrtat
1103 3217 1159 3282 hic
1183 3237 1237 3280 ar·
1285 3267 1296 3290 ,

121 3381 123 3386 .
153 3321 218 3386 dor
241 3318 376 3384 illorum
401 3332 531 3382 mentes
555 3303 760 3395 inflammat3
786 3318 854 3382 hoc
876 3316 953 3381 illos
974 3317 1210 3401 desiderium'
1200 3339 1258 3382 ΒΒ·
1288 3331 1316 3343 “’

97 3456 99 3462 ν
151 3389 317 3486 lachrimis
346 3433 380 3483 et
402 3414 483 3482 lletu
508 3419 637 3482 uersari
661 3417 754 3492 facit
806 3419 874 3504 Qui
896 3413 1033 3506 quidem
1051 3403 1239 3492 lletusnon

155 3521 208 3584 est
244 3516 502 3600 imbecillitatis,
541 3515 603 3598 sed
642 3513 779 3581 diuitiae
819 3519 950 3583 ΒΒΒΒΒΒΒΒ
992 3533 1244 3613 argumentum,

157 3619 245 3687 Cum
269 3619 367 3682 enim
387 3566 523 3684 diuintie
554 3591 768 3682 condicionis
797 3603 980 3706 participes
1011 3615 1087 3687 fieri
1113 3641 1239 3685 coucu-
1256 3697 1259 3708 ‚
1354 3619 1357 3626 '

150 3720 306 3818 piscant.
351 3717 589 3801 molestissime
627 3714 758 3798 ferunt,
803 3739 878 3799 sese
915 3740 1062 3807 corpore
1095 3717 1237 3822 diutius,
1273 3798 1278 3813 ι

126 3841 130 3844 ·
157 3819 254 3934 quasi
279 3815 429 3906 quodam
463 3817 631 3907 ergastulo
658 3817 818 3900 detineri,
860 3815 897 3884 et'
918 3841 993 3884 non
1017 3817 1176 3932 protinus
1196 3839 1240 3880 ex

55 3981 59 3988 .
102 3961 106 3980 Β
155 3921 196 3984 iis
220 3934 389 3984 terrarum
413 3920 570 4005 angustiis
595 3919 739 3984 inillam
758 3916 937 3984 coelestem
962 3919 1137 4007 regionem
1155 3937 1239 3985 euo-

154 4018 240 4108 lare
290 4015 384 4082 lllius
408 4033 519 4092 autem
544 4017 673 4132 gloriae
694 4017 1030 4108 cupiditateincensi
1052 4021 1270 4114 rapiuntur,
1316 4057 1324 4070 =

159 4142 264 4232 quae
271 4137 345 4201 non
370 4114 569 4232 peruulgato
595 4120 728 4185 uirtutis
751 4117 954 4208 splendore,
987 4132 1045 4186 eut
1064 4119 1242 4207 praedica-

50 4239 55 4247 ·
159 4219 253 4285 tione
272 4217 448 4284 hominum
469 4219 681 4305 continetur,
707 4213 768 4285 sed
789 4241 891 4309 quam
911 4219 1048 4288 diuinae
1069 4218 1155 4308 lueis
1174 4219 1241 4286 cla·
1274 4281 1281 4292 ,
